%YAML 1.1
%TAG !u! tag:unity3d.com,2011:
--- !u!29 &1
SceneSettings:
  m_ObjectHideFlags: 0
  m_PVSData: 
  m_PVSObjectsArray: []
  m_PVSPortalsArray: []
  m_OcclusionBakeSettings:
    smallestOccluder: 5
    smallestHole: .25
    backfaceThreshold: 100
--- !u!104 &2
RenderSettings:
  m_ObjectHideFlags: 0
  serializedVersion: 6
  m_Fog: 0
  m_FogColor: {r: .5, g: .5, b: .5, a: 1}
  m_FogMode: 3
  m_FogDensity: .00999999978
  m_LinearFogStart: 0
  m_LinearFogEnd: 300
  m_AmbientSkyColor: {r: .211999997, g: .226999998, b: .259000003, a: 1}
  m_AmbientEquatorColor: {r: .114, g: .125, b: .133000001, a: 1}
  m_AmbientGroundColor: {r: .0469999984, g: .0430000015, b: .0350000001, a: 1}
  m_AmbientIntensity: 1
  m_AmbientMode: 3
  m_SkyboxMaterial: {fileID: 0}
  m_HaloStrength: .5
  m_FlareStrength: 1
  m_FlareFadeSpeed: 3
  m_HaloTexture: {fileID: 0}
  m_SpotCookie: {fileID: 10001, guid: 0000000000000000e000000000000000, type: 0}
  m_DefaultReflectionMode: 0
  m_DefaultReflectionResolution: 128
  m_ReflectionBounces: 1
  m_ReflectionIntensity: 1
  m_CustomReflection: {fileID: 0}
  m_Sun: {fileID: 0}
--- !u!127 &3
LevelGameManager:
  m_ObjectHideFlags: 0
--- !u!157 &4
LightmapSettings:
  m_ObjectHideFlags: 0
  serializedVersion: 5
  m_GIWorkflowMode: 1
  m_LightmapsMode: 1
  m_GISettings:
    serializedVersion: 2
    m_BounceScale: 1
    m_IndirectOutputScale: 1
    m_AlbedoBoost: 1
    m_TemporalCoherenceThreshold: 1
    m_EnvironmentLightingMode: 0
    m_EnableBakedLightmaps: 0
    m_EnableRealtimeLightmaps: 0
  m_LightmapEditorSettings:
    serializedVersion: 3
    m_Resolution: 2
    m_BakeResolution: 40
    m_TextureWidth: 1024
    m_TextureHeight: 1024
    m_AOMaxDistance: 1
    m_Padding: 2
    m_CompAOExponent: 0
    m_LightmapParameters: {fileID: 0}
    m_TextureCompression: 1
    m_FinalGather: 0
    m_FinalGatherRayCount: 1024
  m_LightmapSnapshot: {fileID: 0}
  m_RuntimeCPUUsage: 25
--- !u!196 &5
NavMeshSettings:
  serializedVersion: 2
  m_ObjectHideFlags: 0
  m_BuildSettings:
    serializedVersion: 2
    agentRadius: .5
    agentHeight: 2
    agentSlope: 45
    agentClimb: .400000006
    ledgeDropHeight: 0
    maxJumpAcrossDistance: 0
    accuratePlacement: 0
    minRegionArea: 2
    cellSize: .166666672
    manualCellSize: 0
  m_NavMeshData: {fileID: 0}
--- !u!1 &50965376
GameObject:
  m_ObjectHideFlags: 0
  m_PrefabParentObject: {fileID: 0}
  m_PrefabInternal: {fileID: 1349251808}
  serializedVersion: 4
  m_Component:
  - 4: {fileID: 50965377}
  m_Layer: 0
  m_Name: Missing Prefab
  m_TagString: Untagged
  m_Icon: {fileID: 0}
  m_NavMeshLayer: 0
  m_StaticEditorFlags: 0
  m_IsActive: 1
--- !u!4 &50965377
Transform:
  m_ObjectHideFlags: 0
  m_PrefabParentObject: {fileID: 0}
  m_PrefabInternal: {fileID: 1349251808}
  m_GameObject: {fileID: 50965376}
  m_LocalRotation: {x: 0, y: 0, z: 0, w: 1}
  m_LocalPosition: {x: 0, y: 0, z: 0}
  m_LocalScale: {x: 1, y: 1, z: 1}
  m_Children:
  - {fileID: 1512749714}
  - {fileID: 370165560}
  m_Father: {fileID: 1269746727}
  m_RootOrder: 0
--- !u!1001 &120709212
Prefab:
  m_ObjectHideFlags: 0
  serializedVersion: 2
  m_Modification:
    m_TransformParent: {fileID: 503048334}
    m_Modifications:
    - target: {fileID: 426744, guid: 20ffb4360258a4ca5b4a99fe80bad35c, type: 2}
      propertyPath: m_LocalPosition.x
      value: -3.74000001
      objectReference: {fileID: 0}
    - target: {fileID: 426744, guid: 20ffb4360258a4ca5b4a99fe80bad35c, type: 2}
      propertyPath: m_LocalPosition.y
      value: 2.3499999
      objectReference: {fileID: 0}
    - target: {fileID: 426744, guid: 20ffb4360258a4ca5b4a99fe80bad35c, type: 2}
      propertyPath: m_LocalPosition.z
      value: 0
      objectReference: {fileID: 0}
    - target: {fileID: 426744, guid: 20ffb4360258a4ca5b4a99fe80bad35c, type: 2}
      propertyPath: m_LocalRotation.x
      value: 0
      objectReference: {fileID: 0}
    - target: {fileID: 426744, guid: 20ffb4360258a4ca5b4a99fe80bad35c, type: 2}
      propertyPath: m_LocalRotation.y
      value: 0
      objectReference: {fileID: 0}
    - target: {fileID: 426744, guid: 20ffb4360258a4ca5b4a99fe80bad35c, type: 2}
      propertyPath: m_LocalRotation.z
      value: 0
      objectReference: {fileID: 0}
    - target: {fileID: 426744, guid: 20ffb4360258a4ca5b4a99fe80bad35c, type: 2}
      propertyPath: m_LocalRotation.w
      value: 1
      objectReference: {fileID: 0}
    - target: {fileID: 426744, guid: 20ffb4360258a4ca5b4a99fe80bad35c, type: 2}
      propertyPath: m_RootOrder
      value: 3
      objectReference: {fileID: 0}
    - target: {fileID: 11443616, guid: 20ffb4360258a4ca5b4a99fe80bad35c, type: 2}
      propertyPath: pointDestruction.x
      value: -31.6000004
      objectReference: {fileID: 0}
    m_RemovedComponents: []
  m_ParentPrefab: {fileID: 100100000, guid: 20ffb4360258a4ca5b4a99fe80bad35c, type: 2}
  m_RootGameObject: {fileID: 1131565884}
  m_IsPrefabParent: 0
--- !u!1 &163987325
GameObject:
  m_ObjectHideFlags: 0
  m_PrefabParentObject: {fileID: 0}
  m_PrefabInternal: {fileID: 765271197}
  serializedVersion: 4
  m_Component:
  - 4: {fileID: 163987326}
  m_Layer: 0
  m_Name: Missing Prefab
  m_TagString: Untagged
  m_Icon: {fileID: 0}
  m_NavMeshLayer: 0
  m_StaticEditorFlags: 0
  m_IsActive: 1
--- !u!4 &163987326
Transform:
  m_ObjectHideFlags: 0
  m_PrefabParentObject: {fileID: 0}
  m_PrefabInternal: {fileID: 765271197}
  m_GameObject: {fileID: 163987325}
  m_LocalRotation: {x: 0, y: 0, z: 0, w: 1}
  m_LocalPosition: {x: 0, y: 0, z: 0}
  m_LocalScale: {x: 1, y: 1, z: 1}
  m_Children:
  - {fileID: 431933739}
  m_Father: {fileID: 503048334}
  m_RootOrder: 0
--- !u!1 &164525746
GameObject:
  m_ObjectHideFlags: 0
  m_PrefabParentObject: {fileID: 0}
  m_PrefabInternal: {fileID: 0}
  serializedVersion: 4
  m_Component:
  - 4: {fileID: 164525747}
  - 212: {fileID: 164525748}
  m_Layer: 0
  m_Name: Tutorial_2
  m_TagString: Untagged
  m_Icon: {fileID: 0}
  m_NavMeshLayer: 0
  m_StaticEditorFlags: 0
  m_IsActive: 1
--- !u!4 &164525747
Transform:
  m_ObjectHideFlags: 0
  m_PrefabParentObject: {fileID: 0}
  m_PrefabInternal: {fileID: 0}
  m_GameObject: {fileID: 164525746}
  m_LocalRotation: {x: 0, y: 0, z: 0, w: 1}
  m_LocalPosition: {x: -3.33999991, y: -2.28999996, z: 0}
  m_LocalScale: {x: 2, y: 2, z: 2}
  m_Children: []
  m_Father: {fileID: 829165522}
  m_RootOrder: 1
--- !u!212 &164525748
SpriteRenderer:
  m_ObjectHideFlags: 0
  m_PrefabParentObject: {fileID: 0}
  m_PrefabInternal: {fileID: 0}
  m_GameObject: {fileID: 164525746}
  m_Enabled: 1
  m_CastShadows: 0
  m_ReceiveShadows: 0
  m_Materials:
  - {fileID: 10754, guid: 0000000000000000e000000000000000, type: 0}
  m_SubsetIndices: 
  m_StaticBatchRoot: {fileID: 0}
  m_UseLightProbes: 1
  m_ReflectionProbeUsage: 1
  m_ProbeAnchor: {fileID: 0}
  m_ScaleInLightmap: 1
  m_PreserveUVs: 0
  m_ImportantGI: 0
  m_AutoUVMaxDistance: .5
  m_AutoUVMaxAngle: 89
  m_LightmapParameters: {fileID: 0}
  m_SortingLayerID: 0
  m_SortingOrder: 0
  m_Sprite: {fileID: 21300000, guid: 15ccfeba94b6948aa81c33b459671c86, type: 3}
  m_Color: {r: 1, g: 1, b: 1, a: 1}
--- !u!1 &164880913
GameObject:
  m_ObjectHideFlags: 0
  m_PrefabParentObject: {fileID: 0}
  m_PrefabInternal: {fileID: 0}
  serializedVersion: 4
  m_Component:
  - 4: {fileID: 164880914}
  - 114: {fileID: 164880916}
  - 82: {fileID: 164880915}
  m_Layer: 0
  m_Name: UI
  m_TagString: Score
  m_Icon: {fileID: 0}
  m_NavMeshLayer: 0
  m_StaticEditorFlags: 0
  m_IsActive: 1
--- !u!4 &164880914
Transform:
  m_ObjectHideFlags: 0
  m_PrefabParentObject: {fileID: 0}
  m_PrefabInternal: {fileID: 0}
  m_GameObject: {fileID: 164880913}
  m_LocalRotation: {x: 0, y: 0, z: 0, w: 1}
  m_LocalPosition: {x: 0, y: 0, z: 0}
  m_LocalScale: {x: 1, y: 1, z: 1}
  m_Children:
  - {fileID: 453594975}
  m_Father: {fileID: 0}
  m_RootOrder: 8
--- !u!82 &164880915
AudioSource:
  m_ObjectHideFlags: 0
  m_PrefabParentObject: {fileID: 0}
  m_PrefabInternal: {fileID: 0}
  m_GameObject: {fileID: 164880913}
  m_Enabled: 1
  serializedVersion: 4
  OutputAudioMixerGroup: {fileID: 0}
  m_audioClip: {fileID: 8300000, guid: 9f822d54ee12e40408eb26625925a24f, type: 3}
  m_PlayOnAwake: 0
  m_Volume: 1
  m_Pitch: 1
  Loop: 0
  Mute: 0
  Priority: 128
  DopplerLevel: 1
  MinDistance: 1
  MaxDistance: 500
  Pan2D: 0
  rolloffMode: 0
  BypassEffects: 0
  BypassListenerEffects: 0
  BypassReverbZones: 0
  rolloffCustomCurve:
    serializedVersion: 2
    m_Curve:
    - time: 0
      value: 1
      inSlope: 0
      outSlope: 0
      tangentMode: 0
    - time: 1
      value: 0
      inSlope: 0
      outSlope: 0
      tangentMode: 0
    m_PreInfinity: 2
    m_PostInfinity: 2
  panLevelCustomCurve:
    serializedVersion: 2
    m_Curve:
    - time: 0
      value: 0
      inSlope: 0
      outSlope: 0
      tangentMode: 0
    m_PreInfinity: 2
    m_PostInfinity: 2
  spreadCustomCurve:
    serializedVersion: 2
    m_Curve:
    - time: 0
      value: 0
      inSlope: 0
      outSlope: 0
      tangentMode: 0
    m_PreInfinity: 2
    m_PostInfinity: 2
  reverbZoneMixCustomCurve:
    serializedVersion: 2
    m_Curve:
    - time: 0
      value: 1
      inSlope: 0
      outSlope: 0
      tangentMode: 0
    m_PreInfinity: 2
    m_PostInfinity: 2
--- !u!114 &164880916
MonoBehaviour:
  m_ObjectHideFlags: 0
  m_PrefabParentObject: {fileID: 0}
  m_PrefabInternal: {fileID: 0}
  m_GameObject: {fileID: 164880913}
  m_Enabled: 1
  m_EditorHideFlags: 0
  m_Script: {fileID: 11500000, guid: b62b7dfe296cf4f759769af44cf4a465, type: 3}
  m_Name: 
  m_EditorClassIdentifier: 
  txtScore: {fileID: 286821499}
  score: 0
--- !u!1 &192104863
GameObject:
  m_ObjectHideFlags: 0
  m_PrefabParentObject: {fileID: 0}
  m_PrefabInternal: {fileID: 851631028}
  serializedVersion: 4
  m_Component:
  - 4: {fileID: 192104864}
  m_Layer: 0
  m_Name: Missing Prefab (Dummy)
  m_TagString: Untagged
  m_Icon: {fileID: 0}
  m_NavMeshLayer: 0
  m_StaticEditorFlags: 0
  m_IsActive: 1
--- !u!4 &192104864
Transform:
  m_ObjectHideFlags: 0
  m_PrefabParentObject: {fileID: 426744, guid: 20ffb4360258a4ca5b4a99fe80bad35c, type: 2}
  m_PrefabInternal: {fileID: 851631028}
  m_GameObject: {fileID: 192104863}
  m_LocalRotation: {x: 0, y: 0, z: 0, w: 1}
  m_LocalPosition: {x: 0, y: 0, z: 0}
  m_LocalScale: {x: 1, y: 1, z: 1}
  m_Children: []
  m_Father: {fileID: 353419083}
  m_RootOrder: 0
--- !u!1 &231978607
GameObject:
  m_ObjectHideFlags: 0
  m_PrefabParentObject: {fileID: 0}
  m_PrefabInternal: {fileID: 0}
  serializedVersion: 4
  m_Component:
  - 4: {fileID: 231978609}
  - 114: {fileID: 231978608}
  m_Layer: 0
  m_Name: ViewGenerator
  m_TagString: ViewGenerator
  m_Icon: {fileID: 0}
  m_NavMeshLayer: 0
  m_StaticEditorFlags: 0
  m_IsActive: 1
--- !u!114 &231978608
MonoBehaviour:
  m_ObjectHideFlags: 0
  m_PrefabParentObject: {fileID: 0}
  m_PrefabInternal: {fileID: 0}
  m_GameObject: {fileID: 231978607}
  m_Enabled: 1
  m_EditorHideFlags: 0
  m_Script: {fileID: 11500000, guid: 614d0f3ede8e94dbf912b20050a2bf6d, type: 3}
  m_Name: 
  m_EditorClassIdentifier: 
  speedLand: 5
  speedMountain: 0
  speedMountainF: 0
  land_1: {fileID: 2144206675}
  land_2: {fileID: 836116097}
  mountain_1: {fileID: 922296730}
  mountain_2: {fileID: 836300832}
  mountainF_1: {fileID: 1039714611}
  mountainF_2: {fileID: 434071292}
  pointDest: {fileID: 1337812940}
  start: 0
  prefabCloud1: {fileID: 121682, guid: 20ffb4360258a4ca5b4a99fe80bad35c, type: 2}
  prefabCloud2: {fileID: 110488, guid: 73e4c901d23064aca9364fe30acf78ec, type: 2}
  timerCloud: 0
  cloudPointGenerator: {fileID: 1020207665}
--- !u!4 &231978609
Transform:
  m_ObjectHideFlags: 0
  m_PrefabParentObject: {fileID: 0}
  m_PrefabInternal: {fileID: 0}
  m_GameObject: {fileID: 231978607}
  m_LocalRotation: {x: 0, y: 0, z: 0, w: 1}
  m_LocalPosition: {x: 0, y: 0, z: 0}
  m_LocalScale: {x: 1, y: 1, z: 1}
  m_Children: []
  m_Father: {fileID: 0}
  m_RootOrder: 13
--- !u!1 &268784866
GameObject:
  m_ObjectHideFlags: 0
  m_PrefabParentObject: {fileID: 0}
  m_PrefabInternal: {fileID: 0}
  serializedVersion: 4
  m_Component:
  - 4: {fileID: 268784867}
  m_Layer: 0
  m_Name: Lands
  m_TagString: Untagged
  m_Icon: {fileID: 0}
  m_NavMeshLayer: 0
  m_StaticEditorFlags: 0
  m_IsActive: 1
--- !u!4 &268784867
Transform:
  m_ObjectHideFlags: 0
  m_PrefabParentObject: {fileID: 0}
  m_PrefabInternal: {fileID: 0}
  m_GameObject: {fileID: 268784866}
  m_LocalRotation: {x: 0, y: 0, z: 0, w: 1}
  m_LocalPosition: {x: 0, y: 0, z: 0}
  m_LocalScale: {x: 1, y: 1, z: 1}
  m_Children:
  - {fileID: 836116098}
  - {fileID: 2144206676}
  m_Father: {fileID: 0}
  m_RootOrder: 12
--- !u!1 &286821498
GameObject:
  m_ObjectHideFlags: 0
  m_PrefabParentObject: {fileID: 0}
  m_PrefabInternal: {fileID: 0}
  serializedVersion: 4
  m_Component:
  - 224: {fileID: 286821500}
  - 222: {fileID: 286821501}
  - 114: {fileID: 286821499}
  m_Layer: 5
  m_Name: Score
  m_TagString: Untagged
  m_Icon: {fileID: 0}
  m_NavMeshLayer: 0
  m_StaticEditorFlags: 0
  m_IsActive: 1
--- !u!114 &286821499
MonoBehaviour:
  m_ObjectHideFlags: 0
  m_PrefabParentObject: {fileID: 0}
  m_PrefabInternal: {fileID: 0}
  m_GameObject: {fileID: 286821498}
  m_Enabled: 1
  m_EditorHideFlags: 0
  m_Script: {fileID: 708705254, guid: f5f67c52d1564df4a8936ccd202a3bd8, type: 3}
  m_Name: 
  m_EditorClassIdentifier: 
  m_Material: {fileID: 0}
  m_Color: {r: .2640571, g: .323529422, b: .266928196, a: 1}
  m_FontData:
    m_Font: {fileID: 12800000, guid: ce34a72df354046798729b3ea7da357f, type: 3}
    m_FontSize: 41
    m_FontStyle: 0
    m_BestFit: 1
    m_MinSize: 10
    m_MaxSize: 100
    m_Alignment: 0
    m_RichText: 1
    m_HorizontalOverflow: 0
    m_VerticalOverflow: 0
    m_LineSpacing: 1
  m_Text: 'Score: 100'
--- !u!224 &286821500
RectTransform:
  m_ObjectHideFlags: 0
  m_PrefabParentObject: {fileID: 0}
  m_PrefabInternal: {fileID: 0}
  m_GameObject: {fileID: 286821498}
  m_LocalRotation: {x: 0, y: 0, z: 0, w: 1}
  m_LocalPosition: {x: 0, y: 0, z: 0}
  m_LocalScale: {x: 1, y: 1, z: 1}
  m_Children: []
  m_Father: {fileID: 453594975}
  m_RootOrder: 0
  m_AnchorMin: {x: 0, y: 1}
  m_AnchorMax: {x: 0, y: 1}
  m_AnchoredPosition: {x: 12, y: -11.9999542}
  m_SizeDelta: {x: 280, y: 73}
  m_Pivot: {x: -1.3038516e-08, y: .999999762}
--- !u!222 &286821501
CanvasRenderer:
  m_ObjectHideFlags: 0
  m_PrefabParentObject: {fileID: 0}
  m_PrefabInternal: {fileID: 0}
  m_GameObject: {fileID: 286821498}
--- !u!1 &318391495
GameObject:
  m_ObjectHideFlags: 0
  m_PrefabParentObject: {fileID: 0}
  m_PrefabInternal: {fileID: 0}
  serializedVersion: 4
  m_Component:
  - 4: {fileID: 318391496}
  m_Layer: 0
  m_Name: Mountains
  m_TagString: Untagged
  m_Icon: {fileID: 0}
  m_NavMeshLayer: 0
  m_StaticEditorFlags: 0
  m_IsActive: 1
--- !u!4 &318391496
Transform:
  m_ObjectHideFlags: 0
  m_PrefabParentObject: {fileID: 0}
  m_PrefabInternal: {fileID: 0}
  m_GameObject: {fileID: 318391495}
  m_LocalRotation: {x: 0, y: 0, z: 0, w: 1}
  m_LocalPosition: {x: 0, y: 0, z: 0}
  m_LocalScale: {x: 1, y: 1, z: 1}
  m_Children:
  - {fileID: 1714959106}
  - {fileID: 922296733}
  - {fileID: 836300833}
  - {fileID: 1039714612}
  - {fileID: 434071293}
  m_Father: {fileID: 0}
  m_RootOrder: 7
--- !u!1 &353419082
GameObject:
  m_ObjectHideFlags: 0
  m_PrefabParentObject: {fileID: 0}
  m_PrefabInternal: {fileID: 851631028}
  serializedVersion: 4
  m_Component:
  - 4: {fileID: 353419083}
  m_Layer: 0
  m_Name: Missing Prefab
  m_TagString: Untagged
  m_Icon: {fileID: 0}
  m_NavMeshLayer: 0
  m_StaticEditorFlags: 0
  m_IsActive: 1
--- !u!4 &353419083
Transform:
  m_ObjectHideFlags: 0
  m_PrefabParentObject: {fileID: 0}
  m_PrefabInternal: {fileID: 851631028}
  m_GameObject: {fileID: 353419082}
  m_LocalRotation: {x: 0, y: 0, z: 0, w: 1}
  m_LocalPosition: {x: 0, y: 0, z: 0}
  m_LocalScale: {x: 1, y: 1, z: 1}
  m_Children:
  - {fileID: 192104864}
  m_Father: {fileID: 503048334}
  m_RootOrder: 1
--- !u!1 &370165559
GameObject:
  m_ObjectHideFlags: 0
  m_PrefabParentObject: {fileID: 0}
  m_PrefabInternal: {fileID: 1349251808}
  serializedVersion: 4
  m_Component:
  - 4: {fileID: 370165560}
  m_Layer: 0
  m_Name: Missing Prefab (Dummy)
  m_TagString: Untagged
  m_Icon: {fileID: 0}
  m_NavMeshLayer: 0
  m_StaticEditorFlags: 0
  m_IsActive: 1
--- !u!4 &370165560
Transform:
  m_ObjectHideFlags: 0
  m_PrefabParentObject: {fileID: 451120, guid: 56c9d5f49e87246dab5d7defd2926c05, type: 2}
  m_PrefabInternal: {fileID: 1349251808}
  m_GameObject: {fileID: 370165559}
  m_LocalRotation: {x: 0, y: 0, z: 0, w: 1}
  m_LocalPosition: {x: 0, y: 0, z: 0}
  m_LocalScale: {x: 1, y: 1, z: 1}
  m_Children: []
  m_Father: {fileID: 50965377}
  m_RootOrder: 1
--- !u!1 &431933738
GameObject:
  m_ObjectHideFlags: 0
  m_PrefabParentObject: {fileID: 0}
  m_PrefabInternal: {fileID: 765271197}
  serializedVersion: 4
  m_Component:
  - 4: {fileID: 431933739}
  m_Layer: 0
  m_Name: Missing Prefab (Dummy)
  m_TagString: Untagged
  m_Icon: {fileID: 0}
  m_NavMeshLayer: 0
  m_StaticEditorFlags: 0
  m_IsActive: 1
--- !u!4 &431933739
Transform:
  m_ObjectHideFlags: 0
  m_PrefabParentObject: {fileID: 473082, guid: 73e4c901d23064aca9364fe30acf78ec, type: 2}
  m_PrefabInternal: {fileID: 765271197}
  m_GameObject: {fileID: 431933738}
  m_LocalRotation: {x: 0, y: 0, z: 0, w: 1}
  m_LocalPosition: {x: 0, y: 0, z: 0}
  m_LocalScale: {x: 1, y: 1, z: 1}
  m_Children: []
  m_Father: {fileID: 163987326}
  m_RootOrder: 0
--- !u!1 &434071292
GameObject:
  m_ObjectHideFlags: 0
  m_PrefabParentObject: {fileID: 0}
  m_PrefabInternal: {fileID: 0}
  serializedVersion: 4
  m_Component:
  - 4: {fileID: 434071293}
  - 212: {fileID: 434071295}
  - 61: {fileID: 434071294}
  m_Layer: 0
  m_Name: mountainFar_2
  m_TagString: Untagged
  m_Icon: {fileID: 0}
  m_NavMeshLayer: 0
  m_StaticEditorFlags: 0
  m_IsActive: 1
--- !u!4 &434071293
Transform:
  m_ObjectHideFlags: 0
  m_PrefabParentObject: {fileID: 0}
  m_PrefabInternal: {fileID: 0}
  m_GameObject: {fileID: 434071292}
  m_LocalRotation: {x: 0, y: 0, z: 0, w: 1}
  m_LocalPosition: {x: 20.4899998, y: 1.50999999, z: 0}
  m_LocalScale: {x: 1.60000002, y: 1.5, z: 1}
  m_Children: []
  m_Father: {fileID: 318391496}
  m_RootOrder: 4
--- !u!61 &434071294
BoxCollider2D:
  m_ObjectHideFlags: 0
  m_PrefabParentObject: {fileID: 0}
  m_PrefabInternal: {fileID: 0}
  m_GameObject: {fileID: 434071292}
  m_Enabled: 1
  m_Material: {fileID: 0}
  m_IsTrigger: 1
  m_UsedByEffector: 0
  m_Offset: {x: -.004799366, y: 0}
  serializedVersion: 2
  m_Size: {x: 12.8004026, y: 1.27999997}
--- !u!212 &434071295
SpriteRenderer:
  m_ObjectHideFlags: 0
  m_PrefabParentObject: {fileID: 0}
  m_PrefabInternal: {fileID: 0}
  m_GameObject: {fileID: 434071292}
  m_Enabled: 1
  m_CastShadows: 0
  m_ReceiveShadows: 0
  m_Materials:
  - {fileID: 10754, guid: 0000000000000000e000000000000000, type: 0}
  m_SubsetIndices: 
  m_StaticBatchRoot: {fileID: 0}
  m_UseLightProbes: 1
  m_ReflectionProbeUsage: 1
  m_ProbeAnchor: {fileID: 0}
  m_ScaleInLightmap: 1
  m_PreserveUVs: 0
  m_ImportantGI: 0
  m_AutoUVMaxDistance: .5
  m_AutoUVMaxAngle: 89
  m_LightmapParameters: {fileID: 0}
  m_SortingLayerID: -153716765
  m_SortingOrder: -1
  m_Sprite: {fileID: 21300000, guid: 67b816aa8a71d4f66aa78197e92675b9, type: 3}
  m_Color: {r: 1, g: 1, b: 1, a: 1}
--- !u!1 &453594971
GameObject:
  m_ObjectHideFlags: 0
  m_PrefabParentObject: {fileID: 0}
  m_PrefabInternal: {fileID: 0}
  serializedVersion: 4
  m_Component:
  - 224: {fileID: 453594975}
  - 223: {fileID: 453594974}
  - 114: {fileID: 453594973}
  - 114: {fileID: 453594972}
  m_Layer: 5
  m_Name: Canvas
  m_TagString: Untagged
  m_Icon: {fileID: 0}
  m_NavMeshLayer: 0
  m_StaticEditorFlags: 0
  m_IsActive: 1
--- !u!114 &453594972
MonoBehaviour:
  m_ObjectHideFlags: 0
  m_PrefabParentObject: {fileID: 0}
  m_PrefabInternal: {fileID: 0}
  m_GameObject: {fileID: 453594971}
  m_Enabled: 1
  m_EditorHideFlags: 0
  m_Script: {fileID: 1301386320, guid: f5f67c52d1564df4a8936ccd202a3bd8, type: 3}
  m_Name: 
  m_EditorClassIdentifier: 
  m_IgnoreReversedGraphics: 1
  m_BlockingObjects: 0
  m_BlockingMask:
    serializedVersion: 2
    m_Bits: 4294967295
--- !u!114 &453594973
MonoBehaviour:
  m_ObjectHideFlags: 0
  m_PrefabParentObject: {fileID: 0}
  m_PrefabInternal: {fileID: 0}
  m_GameObject: {fileID: 453594971}
  m_Enabled: 1
  m_EditorHideFlags: 0
  m_Script: {fileID: 1980459831, guid: f5f67c52d1564df4a8936ccd202a3bd8, type: 3}
  m_Name: 
  m_EditorClassIdentifier: 
  m_UiScaleMode: 0
  m_ReferencePixelsPerUnit: 100
  m_ScaleFactor: 1
  m_ReferenceResolution: {x: 800, y: 600}
  m_ScreenMatchMode: 0
  m_MatchWidthOrHeight: 0
  m_PhysicalUnit: 3
  m_FallbackScreenDPI: 96
  m_DefaultSpriteDPI: 96
  m_DynamicPixelsPerUnit: 1
--- !u!223 &453594974
Canvas:
  m_ObjectHideFlags: 0
  m_PrefabParentObject: {fileID: 0}
  m_PrefabInternal: {fileID: 0}
  m_GameObject: {fileID: 453594971}
  m_Enabled: 1
  serializedVersion: 2
  m_RenderMode: 0
  m_Camera: {fileID: 0}
  m_PlaneDistance: 100
  m_PixelPerfect: 1
  m_ReceivesEvents: 1
  m_OverrideSorting: 0
  m_OverridePixelPerfect: 0
  m_SortingLayerID: 0
  m_SortingOrder: 0
--- !u!224 &453594975
RectTransform:
  m_ObjectHideFlags: 0
  m_PrefabParentObject: {fileID: 0}
  m_PrefabInternal: {fileID: 0}
  m_GameObject: {fileID: 453594971}
  m_LocalRotation: {x: 0, y: 0, z: 0, w: 1}
  m_LocalPosition: {x: 0, y: 0, z: 0}
  m_LocalScale: {x: 0, y: 0, z: 0}
  m_Children:
  - {fileID: 286821500}
  - {fileID: 1995784542}
  m_Father: {fileID: 164880914}
  m_RootOrder: 0
  m_AnchorMin: {x: 0, y: 0}
  m_AnchorMax: {x: 0, y: 0}
  m_AnchoredPosition: {x: 0, y: 0}
  m_SizeDelta: {x: 0, y: 0}
  m_Pivot: {x: 0, y: 0}
--- !u!1 &503048333
GameObject:
  m_ObjectHideFlags: 0
  m_PrefabParentObject: {fileID: 0}
  m_PrefabInternal: {fileID: 0}
  serializedVersion: 4
  m_Component:
  - 4: {fileID: 503048334}
  m_Layer: 0
  m_Name: Clouds
  m_TagString: Untagged
  m_Icon: {fileID: 0}
  m_NavMeshLayer: 0
  m_StaticEditorFlags: 0
  m_IsActive: 1
--- !u!4 &503048334
Transform:
  m_ObjectHideFlags: 0
  m_PrefabParentObject: {fileID: 0}
  m_PrefabInternal: {fileID: 0}
  m_GameObject: {fileID: 503048333}
  m_LocalRotation: {x: 0, y: 0, z: 0, w: 1}
  m_LocalPosition: {x: 0, y: 0, z: 0}
  m_LocalScale: {x: 1, y: 1, z: 1}
  m_Children:
  - {fileID: 163987326}
  - {fileID: 353419083}
  - {fileID: 1393244622}
  - {fileID: 1131565885}
  m_Father: {fileID: 0}
  m_RootOrder: 9
--- !u!1 &525409835
GameObject:
  m_ObjectHideFlags: 0
  m_PrefabParentObject: {fileID: 0}
  m_PrefabInternal: {fileID: 0}
  serializedVersion: 4
  m_Component:
  - 4: {fileID: 525409841}
  - 20: {fileID: 525409840}
  - 92: {fileID: 525409839}
  - 124: {fileID: 525409838}
  - 81: {fileID: 525409837}
  - 114: {fileID: 525409836}
  m_Layer: 0
  m_Name: Main Camera
  m_TagString: MainCamera
  m_Icon: {fileID: 0}
  m_NavMeshLayer: 0
  m_StaticEditorFlags: 0
  m_IsActive: 1
--- !u!114 &525409836
MonoBehaviour:
  m_ObjectHideFlags: 0
  m_PrefabParentObject: {fileID: 0}
  m_PrefabInternal: {fileID: 0}
  m_GameObject: {fileID: 525409835}
  m_Enabled: 1
  m_EditorHideFlags: 0
  m_Script: {fileID: 11500000, guid: 629973eb53d8eff488716a6b69c99d16, type: 3}
  m_Name: 
  m_EditorClassIdentifier: 
  presetToUse: 0
  vibrateOnAwake: 1
  startingShakeDistance: {x: 0, y: 0, z: 0}
  startingRotationAmount: {x: 0, y: 0, z: 0, w: 0}
  shakeSpeed: 60
  decreaseMultiplier: .5
  numberOfShakes: 8
  shakeContinuous: 0
--- !u!81 &525409837
AudioListener:
  m_ObjectHideFlags: 0
  m_PrefabParentObject: {fileID: 0}
  m_PrefabInternal: {fileID: 0}
  m_GameObject: {fileID: 525409835}
  m_Enabled: 1
--- !u!124 &525409838
Behaviour:
  m_ObjectHideFlags: 0
  m_PrefabParentObject: {fileID: 0}
  m_PrefabInternal: {fileID: 0}
  m_GameObject: {fileID: 525409835}
  m_Enabled: 1
--- !u!92 &525409839
Behaviour:
  m_ObjectHideFlags: 0
  m_PrefabParentObject: {fileID: 0}
  m_PrefabInternal: {fileID: 0}
  m_GameObject: {fileID: 525409835}
  m_Enabled: 1
--- !u!20 &525409840
Camera:
  m_ObjectHideFlags: 0
  m_PrefabParentObject: {fileID: 0}
  m_PrefabInternal: {fileID: 0}
  m_GameObject: {fileID: 525409835}
  m_Enabled: 1
  serializedVersion: 2
  m_ClearFlags: 1
  m_BackGroundColor: {r: 1, g: 1, b: 1, a: .0196078438}
  m_NormalizedViewPortRect:
    serializedVersion: 2
    x: 0
    y: 0
    width: 1
    height: 1
  near clip plane: .300000012
  far clip plane: 1000
  field of view: 60
  orthographic: 1
  orthographic size: 5
  m_Depth: -1
  m_CullingMask:
    serializedVersion: 2
    m_Bits: 4294967295
  m_RenderingPath: -1
  m_TargetTexture: {fileID: 0}
  m_TargetDisplay: 0
  m_HDR: 0
  m_OcclusionCulling: 1
  m_StereoConvergence: 10
  m_StereoSeparation: .0219999999
--- !u!4 &525409841
Transform:
  m_ObjectHideFlags: 0
  m_PrefabParentObject: {fileID: 0}
  m_PrefabInternal: {fileID: 0}
  m_GameObject: {fileID: 525409835}
  m_LocalRotation: {x: 0, y: 0, z: 0, w: 1}
  m_LocalPosition: {x: 0, y: -1.23000002, z: -10}
  m_LocalScale: {x: 1, y: 1, z: 1}
  m_Children: []
  m_Father: {fileID: 0}
  m_RootOrder: 11
--- !u!1 &631110732
GameObject:
  m_ObjectHideFlags: 0
  m_PrefabParentObject: {fileID: 0}
  m_PrefabInternal: {fileID: 0}
  serializedVersion: 4
  m_Component:
  - 4: {fileID: 631110733}
  - 212: {fileID: 631110734}
  m_Layer: 0
  m_Name: face_sad
  m_TagString: Untagged
  m_Icon: {fileID: 0}
  m_NavMeshLayer: 0
  m_StaticEditorFlags: 0
  m_IsActive: 0
--- !u!4 &631110733
Transform:
  m_ObjectHideFlags: 0
  m_PrefabParentObject: {fileID: 0}
  m_PrefabInternal: {fileID: 0}
  m_GameObject: {fileID: 631110732}
  m_LocalRotation: {x: 0, y: 0, z: 0, w: 1}
  m_LocalPosition: {x: .969146729, y: -.310000002, z: .038643077}
  m_LocalScale: {x: .921462655, y: .921462715, z: 0}
  m_Children: []
  m_Father: {fileID: 1527354729}
  m_RootOrder: 2
--- !u!212 &631110734
SpriteRenderer:
  m_ObjectHideFlags: 0
  m_PrefabParentObject: {fileID: 0}
  m_PrefabInternal: {fileID: 0}
  m_GameObject: {fileID: 631110732}
  m_Enabled: 1
  m_CastShadows: 0
  m_ReceiveShadows: 0
  m_Materials:
  - {fileID: 10754, guid: 0000000000000000e000000000000000, type: 0}
  m_SubsetIndices: 
  m_StaticBatchRoot: {fileID: 0}
  m_UseLightProbes: 1
  m_ReflectionProbeUsage: 1
  m_ProbeAnchor: {fileID: 0}
  m_ScaleInLightmap: 1
  m_PreserveUVs: 0
  m_ImportantGI: 0
  m_AutoUVMaxDistance: .5
  m_AutoUVMaxAngle: 89
  m_LightmapParameters: {fileID: 0}
  m_SortingLayerID: 0
  m_SortingOrder: 1
  m_Sprite: {fileID: 21300000, guid: cb5e5460e1a8c429c857900cd23facae, type: 3}
  m_Color: {r: 1, g: 1, b: 1, a: 1}
--- !u!1 &644813440
GameObject:
  m_ObjectHideFlags: 0
  m_PrefabParentObject: {fileID: 0}
  m_PrefabInternal: {fileID: 0}
  serializedVersion: 4
  m_Component:
  - 4: {fileID: 644813441}
  m_Layer: 0
  m_Name: PowerManager
  m_TagString: Untagged
  m_Icon: {fileID: 0}
  m_NavMeshLayer: 0
  m_StaticEditorFlags: 0
  m_IsActive: 1
--- !u!4 &644813441
Transform:
  m_ObjectHideFlags: 0
  m_PrefabParentObject: {fileID: 0}
  m_PrefabInternal: {fileID: 0}
  m_GameObject: {fileID: 644813440}
  m_LocalRotation: {x: 0, y: 0, z: 0, w: 1}
  m_LocalPosition: {x: 0, y: 0, z: 0}
  m_LocalScale: {x: 1, y: 1, z: 1}
  m_Children: []
  m_Father: {fileID: 1282492501}
  m_RootOrder: 2
--- !u!1 &668445518
GameObject:
  m_ObjectHideFlags: 0
  m_PrefabParentObject: {fileID: 0}
  m_PrefabInternal: {fileID: 0}
  serializedVersion: 4
  m_Component:
  - 4: {fileID: 668445522}
  - 114: {fileID: 668445521}
  - 114: {fileID: 668445520}
  - 114: {fileID: 668445519}
  m_Layer: 0
  m_Name: EventSystem
  m_TagString: Untagged
  m_Icon: {fileID: 0}
  m_NavMeshLayer: 0
  m_StaticEditorFlags: 0
  m_IsActive: 1
--- !u!114 &668445519
MonoBehaviour:
  m_ObjectHideFlags: 0
  m_PrefabParentObject: {fileID: 0}
  m_PrefabInternal: {fileID: 0}
  m_GameObject: {fileID: 668445518}
  m_Enabled: 1
  m_EditorHideFlags: 0
  m_Script: {fileID: 1997211142, guid: f5f67c52d1564df4a8936ccd202a3bd8, type: 3}
  m_Name: 
  m_EditorClassIdentifier: 
  m_AllowActivationOnStandalone: 0
--- !u!114 &668445520
MonoBehaviour:
  m_ObjectHideFlags: 0
  m_PrefabParentObject: {fileID: 0}
  m_PrefabInternal: {fileID: 0}
  m_GameObject: {fileID: 668445518}
  m_Enabled: 1
  m_EditorHideFlags: 0
  m_Script: {fileID: 1077351063, guid: f5f67c52d1564df4a8936ccd202a3bd8, type: 3}
  m_Name: 
  m_EditorClassIdentifier: 
  m_HorizontalAxis: Horizontal
  m_VerticalAxis: Vertical
  m_SubmitButton: Submit
  m_CancelButton: Cancel
  m_InputActionsPerSecond: 10
  m_AllowActivationOnMobileDevice: 0
--- !u!114 &668445521
MonoBehaviour:
  m_ObjectHideFlags: 0
  m_PrefabParentObject: {fileID: 0}
  m_PrefabInternal: {fileID: 0}
  m_GameObject: {fileID: 668445518}
  m_Enabled: 1
  m_EditorHideFlags: 0
  m_Script: {fileID: -619905303, guid: f5f67c52d1564df4a8936ccd202a3bd8, type: 3}
  m_Name: 
  m_EditorClassIdentifier: 
  m_FirstSelected: {fileID: 0}
  m_sendNavigationEvents: 1
  m_DragThreshold: 5
--- !u!4 &668445522
Transform:
  m_ObjectHideFlags: 0
  m_PrefabParentObject: {fileID: 0}
  m_PrefabInternal: {fileID: 0}
  m_GameObject: {fileID: 668445518}
  m_LocalRotation: {x: 0, y: 0, z: 0, w: 1}
  m_LocalPosition: {x: 0, y: 0, z: 0}
  m_LocalScale: {x: 1, y: 1, z: 1}
  m_Children: []
  m_Father: {fileID: 0}
  m_RootOrder: 10
--- !u!1001 &765271197
Prefab:
  m_ObjectHideFlags: 0
  serializedVersion: 2
  m_Modification:
    m_TransformParent: {fileID: 503048334}
    m_Modifications:
    - target: {fileID: 473082, guid: 73e4c901d23064aca9364fe30acf78ec, type: 2}
      propertyPath: m_LocalPosition.x
      value: 7.01000023
      objectReference: {fileID: 0}
    - target: {fileID: 473082, guid: 73e4c901d23064aca9364fe30acf78ec, type: 2}
      propertyPath: m_LocalPosition.y
      value: 2.38000011
      objectReference: {fileID: 0}
    - target: {fileID: 473082, guid: 73e4c901d23064aca9364fe30acf78ec, type: 2}
      propertyPath: m_LocalPosition.z
      value: 0
      objectReference: {fileID: 0}
    - target: {fileID: 473082, guid: 73e4c901d23064aca9364fe30acf78ec, type: 2}
      propertyPath: m_LocalRotation.x
      value: 0
      objectReference: {fileID: 0}
    - target: {fileID: 473082, guid: 73e4c901d23064aca9364fe30acf78ec, type: 2}
      propertyPath: m_LocalRotation.y
      value: 0
      objectReference: {fileID: 0}
    - target: {fileID: 473082, guid: 73e4c901d23064aca9364fe30acf78ec, type: 2}
      propertyPath: m_LocalRotation.z
      value: 0
      objectReference: {fileID: 0}
    - target: {fileID: 473082, guid: 73e4c901d23064aca9364fe30acf78ec, type: 2}
      propertyPath: m_LocalRotation.w
      value: 1
      objectReference: {fileID: 0}
    - target: {fileID: 473082, guid: 73e4c901d23064aca9364fe30acf78ec, type: 2}
      propertyPath: m_RootOrder
      value: 0
      objectReference: {fileID: 0}
    - target: {fileID: 11464894, guid: 73e4c901d23064aca9364fe30acf78ec, type: 2}
      propertyPath: pointDestruction.x
      value: -31.6000004
      objectReference: {fileID: 0}
    m_RemovedComponents: []
  m_ParentPrefab: {fileID: 100100000, guid: 73e4c901d23064aca9364fe30acf78ec, type: 2}
  m_RootGameObject: {fileID: 163987325}
  m_IsPrefabParent: 0
--- !u!1 &829165521
GameObject:
  m_ObjectHideFlags: 0
  m_PrefabParentObject: {fileID: 0}
  m_PrefabInternal: {fileID: 0}
  serializedVersion: 4
  m_Component:
  - 4: {fileID: 829165522}
  m_Layer: 0
  m_Name: Tutorials
  m_TagString: Untagged
  m_Icon: {fileID: 0}
  m_NavMeshLayer: 0
  m_StaticEditorFlags: 0
  m_IsActive: 1
--- !u!4 &829165522
Transform:
  m_ObjectHideFlags: 0
  m_PrefabParentObject: {fileID: 0}
  m_PrefabInternal: {fileID: 0}
  m_GameObject: {fileID: 829165521}
  m_LocalRotation: {x: 0, y: 0, z: 0, w: 1}
  m_LocalPosition: {x: 0, y: 0, z: 0}
  m_LocalScale: {x: 1, y: 1, z: 1}
  m_Children:
  - {fileID: 1814424073}
  - {fileID: 164525747}
  m_Father: {fileID: 0}
  m_RootOrder: 3
--- !u!1 &836116097
GameObject:
  m_ObjectHideFlags: 0
  m_PrefabParentObject: {fileID: 0}
  m_PrefabInternal: {fileID: 0}
  serializedVersion: 4
  m_Component:
  - 4: {fileID: 836116098}
  - 212: {fileID: 836116100}
  - 61: {fileID: 836116099}
  m_Layer: 0
  m_Name: Land_2
  m_TagString: Floor
  m_Icon: {fileID: 0}
  m_NavMeshLayer: 0
  m_StaticEditorFlags: 0
  m_IsActive: 1
--- !u!4 &836116098
Transform:
  m_ObjectHideFlags: 0
  m_PrefabParentObject: {fileID: 0}
  m_PrefabInternal: {fileID: 0}
  m_GameObject: {fileID: 836116097}
  m_LocalRotation: {x: 0, y: 0, z: 0, w: 1}
  m_LocalPosition: {x: 20.5300007, y: -5.53999996, z: 0}
  m_LocalScale: {x: 1.46250057, y: 1.25000024, z: 1}
  m_Children: []
  m_Father: {fileID: 268784867}
  m_RootOrder: 0
--- !u!61 &836116099
BoxCollider2D:
  m_ObjectHideFlags: 0
  m_PrefabParentObject: {fileID: 0}
  m_PrefabInternal: {fileID: 0}
  m_GameObject: {fileID: 836116097}
  m_Enabled: 1
  m_Material: {fileID: 0}
  m_IsTrigger: 0
  m_UsedByEffector: 0
  m_Offset: {x: 0, y: -.11910627}
  serializedVersion: 2
  m_Size: {x: 14.04, y: 1.04178727}
--- !u!212 &836116100
SpriteRenderer:
  m_ObjectHideFlags: 0
  m_PrefabParentObject: {fileID: 0}
  m_PrefabInternal: {fileID: 0}
  m_GameObject: {fileID: 836116097}
  m_Enabled: 1
  m_CastShadows: 0
  m_ReceiveShadows: 0
  m_Materials:
  - {fileID: 10754, guid: 0000000000000000e000000000000000, type: 0}
  m_SubsetIndices: 
  m_StaticBatchRoot: {fileID: 0}
  m_UseLightProbes: 1
  m_ReflectionProbeUsage: 1
  m_ProbeAnchor: {fileID: 0}
  m_ScaleInLightmap: 1
  m_PreserveUVs: 0
  m_ImportantGI: 0
  m_AutoUVMaxDistance: .5
  m_AutoUVMaxAngle: 89
  m_LightmapParameters: {fileID: 0}
  m_SortingLayerID: 1209271955
  m_SortingOrder: 0
  m_Sprite: {fileID: 21300000, guid: d73ca94d12de6416892ee9be296a0546, type: 3}
  m_Color: {r: 1, g: 1, b: 1, a: 1}
--- !u!1 &836300832
GameObject:
  m_ObjectHideFlags: 0
  m_PrefabParentObject: {fileID: 0}
  m_PrefabInternal: {fileID: 0}
  serializedVersion: 4
  m_Component:
  - 4: {fileID: 836300833}
  - 212: {fileID: 836300835}
  - 61: {fileID: 836300834}
  m_Layer: 0
  m_Name: MountainNear_2
  m_TagString: Untagged
  m_Icon: {fileID: 0}
  m_NavMeshLayer: 0
  m_StaticEditorFlags: 0
  m_IsActive: 1
--- !u!4 &836300833
Transform:
  m_ObjectHideFlags: 0
  m_PrefabParentObject: {fileID: 0}
  m_PrefabInternal: {fileID: 0}
  m_GameObject: {fileID: 836300832}
  m_LocalRotation: {x: 0, y: 0, z: 0, w: 1}
  m_LocalPosition: {x: 20.5, y: .709999979, z: 0}
  m_LocalScale: {x: 1.60000002, y: 1, z: 1}
  m_Children: []
  m_Father: {fileID: 318391496}
  m_RootOrder: 2
--- !u!61 &836300834
BoxCollider2D:
  m_ObjectHideFlags: 0
  m_PrefabParentObject: {fileID: 0}
  m_PrefabInternal: {fileID: 0}
  m_GameObject: {fileID: 836300832}
  m_Enabled: 1
  m_Material: {fileID: 0}
  m_IsTrigger: 1
  m_UsedByEffector: 0
  m_Offset: {x: .00666856766, y: 0}
  serializedVersion: 2
  m_Size: {x: 12.772193, y: 1.27999997}
--- !u!212 &836300835
SpriteRenderer:
  m_ObjectHideFlags: 0
  m_PrefabParentObject: {fileID: 0}
  m_PrefabInternal: {fileID: 0}
  m_GameObject: {fileID: 836300832}
  m_Enabled: 1
  m_CastShadows: 0
  m_ReceiveShadows: 0
  m_Materials:
  - {fileID: 10754, guid: 0000000000000000e000000000000000, type: 0}
  m_SubsetIndices: 
  m_StaticBatchRoot: {fileID: 0}
  m_UseLightProbes: 1
  m_ReflectionProbeUsage: 1
  m_ProbeAnchor: {fileID: 0}
  m_ScaleInLightmap: 1
  m_PreserveUVs: 0
  m_ImportantGI: 0
  m_AutoUVMaxDistance: .5
  m_AutoUVMaxAngle: 89
  m_LightmapParameters: {fileID: 0}
  m_SortingLayerID: -153716765
  m_SortingOrder: 0
  m_Sprite: {fileID: 21300000, guid: 71b0fb94d05a641558cc4adcee5a07ef, type: 3}
  m_Color: {r: 1, g: 1, b: 1, a: 1}
--- !u!1001 &851631028
Prefab:
  m_ObjectHideFlags: 0
  serializedVersion: 2
  m_Modification:
    m_TransformParent: {fileID: 503048334}
    m_Modifications:
    - target: {fileID: 426744, guid: 20ffb4360258a4ca5b4a99fe80bad35c, type: 2}
      propertyPath: m_LocalPosition.x
      value: 4.53000021
      objectReference: {fileID: 0}
    - target: {fileID: 426744, guid: 20ffb4360258a4ca5b4a99fe80bad35c, type: 2}
      propertyPath: m_LocalPosition.y
      value: 2.72000003
      objectReference: {fileID: 0}
    - target: {fileID: 426744, guid: 20ffb4360258a4ca5b4a99fe80bad35c, type: 2}
      propertyPath: m_LocalPosition.z
      value: 0
      objectReference: {fileID: 0}
    - target: {fileID: 426744, guid: 20ffb4360258a4ca5b4a99fe80bad35c, type: 2}
      propertyPath: m_LocalRotation.x
      value: 0
      objectReference: {fileID: 0}
    - target: {fileID: 426744, guid: 20ffb4360258a4ca5b4a99fe80bad35c, type: 2}
      propertyPath: m_LocalRotation.y
      value: 0
      objectReference: {fileID: 0}
    - target: {fileID: 426744, guid: 20ffb4360258a4ca5b4a99fe80bad35c, type: 2}
      propertyPath: m_LocalRotation.z
      value: 0
      objectReference: {fileID: 0}
    - target: {fileID: 426744, guid: 20ffb4360258a4ca5b4a99fe80bad35c, type: 2}
      propertyPath: m_LocalRotation.w
      value: 1
      objectReference: {fileID: 0}
    - target: {fileID: 426744, guid: 20ffb4360258a4ca5b4a99fe80bad35c, type: 2}
      propertyPath: m_RootOrder
      value: 1
      objectReference: {fileID: 0}
    - target: {fileID: 11443616, guid: 20ffb4360258a4ca5b4a99fe80bad35c, type: 2}
      propertyPath: pointDestruction.x
      value: -31.6000004
      objectReference: {fileID: 0}
    - target: {fileID: 121682, guid: 20ffb4360258a4ca5b4a99fe80bad35c, type: 2}
      propertyPath: m_Name
      value: prop_Cloud_1_sprite (2)
      objectReference: {fileID: 0}
    m_RemovedComponents: []
  m_ParentPrefab: {fileID: 100100000, guid: 20ffb4360258a4ca5b4a99fe80bad35c, type: 2}
  m_RootGameObject: {fileID: 353419082}
  m_IsPrefabParent: 0
--- !u!1 &893618262
GameObject:
  m_ObjectHideFlags: 0
  m_PrefabParentObject: {fileID: 0}
  m_PrefabInternal: {fileID: 0}
  serializedVersion: 4
  m_Component:
  - 4: {fileID: 893618264}
  - 212: {fileID: 893618263}
  m_Layer: 0
  m_Name: face_normal
  m_TagString: Untagged
  m_Icon: {fileID: 0}
  m_NavMeshLayer: 0
  m_StaticEditorFlags: 0
  m_IsActive: 1
--- !u!212 &893618263
SpriteRenderer:
  m_ObjectHideFlags: 0
  m_PrefabParentObject: {fileID: 0}
  m_PrefabInternal: {fileID: 0}
  m_GameObject: {fileID: 893618262}
  m_Enabled: 1
  m_CastShadows: 0
  m_ReceiveShadows: 0
  m_Materials:
  - {fileID: 10754, guid: 0000000000000000e000000000000000, type: 0}
  m_SubsetIndices: 
  m_StaticBatchRoot: {fileID: 0}
  m_UseLightProbes: 1
  m_ReflectionProbeUsage: 1
  m_ProbeAnchor: {fileID: 0}
  m_ScaleInLightmap: 1
  m_PreserveUVs: 0
  m_ImportantGI: 0
  m_AutoUVMaxDistance: .5
  m_AutoUVMaxAngle: 89
  m_LightmapParameters: {fileID: 0}
  m_SortingLayerID: 0
  m_SortingOrder: 1
  m_Sprite: {fileID: 21300000, guid: 8360ce7cfb29e4a1aac3176e075f7efb, type: 3}
  m_Color: {r: 1, g: 1, b: 1, a: 1}
--- !u!4 &893618264
Transform:
  m_ObjectHideFlags: 0
  m_PrefabParentObject: {fileID: 0}
  m_PrefabInternal: {fileID: 0}
  m_GameObject: {fileID: 893618262}
  m_LocalRotation: {x: 0, y: 0, z: 0, w: 1}
  m_LocalPosition: {x: 1.01999998, y: -.349999994, z: .038643077}
  m_LocalScale: {x: .921462655, y: .921462715, z: 0}
  m_Children: []
  m_Father: {fileID: 1527354729}
  m_RootOrder: 3
--- !u!1 &914745823
GameObject:
  m_ObjectHideFlags: 0
  m_PrefabParentObject: {fileID: 0}
  m_PrefabInternal: {fileID: 1959824418}
  serializedVersion: 4
  m_Component:
  - 4: {fileID: 914745824}
  m_Layer: 0
  m_Name: Missing Prefab
  m_TagString: Untagged
  m_Icon: {fileID: 0}
  m_NavMeshLayer: 0
  m_StaticEditorFlags: 0
  m_IsActive: 1
--- !u!4 &914745824
Transform:
  m_ObjectHideFlags: 0
  m_PrefabParentObject: {fileID: 0}
  m_PrefabInternal: {fileID: 1959824418}
  m_GameObject: {fileID: 914745823}
  m_LocalRotation: {x: 0, y: 0, z: 0, w: 1}
  m_LocalPosition: {x: 0, y: 0, z: 0}
  m_LocalScale: {x: 1, y: 1, z: 1}
  m_Children:
  - {fileID: 1896686315}
  m_Father: {fileID: 1527354729}
  m_RootOrder: 0
--- !u!1 &922296730
GameObject:
  m_ObjectHideFlags: 0
  m_PrefabParentObject: {fileID: 0}
  m_PrefabInternal: {fileID: 0}
  serializedVersion: 4
  m_Component:
  - 4: {fileID: 922296733}
  - 212: {fileID: 922296732}
  - 61: {fileID: 922296731}
  m_Layer: 0
  m_Name: MountainNear_1
  m_TagString: Untagged
  m_Icon: {fileID: 0}
  m_NavMeshLayer: 0
  m_StaticEditorFlags: 0
  m_IsActive: 1
--- !u!61 &922296731
BoxCollider2D:
  m_ObjectHideFlags: 0
  m_PrefabParentObject: {fileID: 0}
  m_PrefabInternal: {fileID: 0}
  m_GameObject: {fileID: 922296730}
  m_Enabled: 1
  m_Material: {fileID: 0}
  m_IsTrigger: 1
  m_UsedByEffector: 0
  m_Offset: {x: -.0225424767, y: 0}
  serializedVersion: 2
  m_Size: {x: 12.7649441, y: 1.27999997}
--- !u!212 &922296732
SpriteRenderer:
  m_ObjectHideFlags: 0
  m_PrefabParentObject: {fileID: 0}
  m_PrefabInternal: {fileID: 0}
  m_GameObject: {fileID: 922296730}
  m_Enabled: 1
  m_CastShadows: 0
  m_ReceiveShadows: 0
  m_Materials:
  - {fileID: 10754, guid: 0000000000000000e000000000000000, type: 0}
  m_SubsetIndices: 
  m_StaticBatchRoot: {fileID: 0}
  m_UseLightProbes: 1
  m_ReflectionProbeUsage: 1
  m_ProbeAnchor: {fileID: 0}
  m_ScaleInLightmap: 1
  m_PreserveUVs: 0
  m_ImportantGI: 0
  m_AutoUVMaxDistance: .5
  m_AutoUVMaxAngle: 89
  m_LightmapParameters: {fileID: 0}
  m_SortingLayerID: -153716765
  m_SortingOrder: 0
  m_Sprite: {fileID: 21300000, guid: 71b0fb94d05a641558cc4adcee5a07ef, type: 3}
  m_Color: {r: 1, g: 1, b: 1, a: 1}
--- !u!4 &922296733
Transform:
  m_ObjectHideFlags: 0
  m_PrefabParentObject: {fileID: 0}
  m_PrefabInternal: {fileID: 0}
  m_GameObject: {fileID: 922296730}
  m_LocalRotation: {x: 0, y: 0, z: 0, w: 1}
  m_LocalPosition: {x: .0299999993, y: .709999979, z: 0}
  m_LocalScale: {x: 1.60000002, y: 1, z: 1}
  m_Children: []
  m_Father: {fileID: 318391496}
  m_RootOrder: 1
--- !u!1 &957532140
GameObject:
  m_ObjectHideFlags: 0
  m_PrefabParentObject: {fileID: 0}
  m_PrefabInternal: {fileID: 0}
  serializedVersion: 4
  m_Component:
  - 4: {fileID: 957532142}
  - 114: {fileID: 957532141}
  m_Layer: 0
  m_Name: Generator
  m_TagString: Generator
  m_Icon: {fileID: 0}
  m_NavMeshLayer: 0
  m_StaticEditorFlags: 0
  m_IsActive: 1
--- !u!114 &957532141
MonoBehaviour:
  m_ObjectHideFlags: 0
  m_PrefabParentObject: {fileID: 0}
  m_PrefabInternal: {fileID: 0}
  m_GameObject: {fileID: 957532140}
  m_Enabled: 1
  m_EditorHideFlags: 0
  m_Script: {fileID: 11500000, guid: ce0bf97366b214f2094dfe62e856eced, type: 3}
  m_Name: 
  m_EditorClassIdentifier: 
  player: {fileID: 1865901729}
  prefabPipe: {fileID: 155750, guid: ac591c66b432e41f481dd377bc9a71e5, type: 2}
  prefabItem: {fileID: 193644, guid: d8ce524dffa434a7db13a8a2c894ca77, type: 2}
  timeToGenerate: 2
  speedPipe: 5
  timer: 0
  pointGenerator: {fileID: 1625468564}
  maxY: 2.1400001
  minY: -2.21000004
  start: 0
  numPipes: 0
  randomY: -1
--- !u!4 &957532142
Transform:
  m_ObjectHideFlags: 0
  m_PrefabParentObject: {fileID: 0}
  m_PrefabInternal: {fileID: 0}
  m_GameObject: {fileID: 957532140}
  m_LocalRotation: {x: 0, y: 0, z: 0, w: 1}
  m_LocalPosition: {x: -2.50261927, y: -.280000001, z: 0}
  m_LocalScale: {x: 1, y: 1, z: 1}
  m_Children: []
  m_Father: {fileID: 0}
  m_RootOrder: 0
--- !u!1 &1020207665
GameObject:
  m_ObjectHideFlags: 0
  m_PrefabParentObject: {fileID: 0}
  m_PrefabInternal: {fileID: 0}
  serializedVersion: 4
  m_Component:
  - 4: {fileID: 1020207666}
  m_Layer: 0
  m_Name: PointCloudGenerator
  m_TagString: Untagged
  m_Icon: {fileID: -964228994112308473, guid: 0000000000000000d000000000000000, type: 0}
  m_NavMeshLayer: 0
  m_StaticEditorFlags: 0
  m_IsActive: 1
--- !u!4 &1020207666
Transform:
  m_ObjectHideFlags: 0
  m_PrefabParentObject: {fileID: 0}
  m_PrefabInternal: {fileID: 0}
  m_GameObject: {fileID: 1020207665}
  m_LocalRotation: {x: 0, y: 0, z: 0, w: 1}
  m_LocalPosition: {x: 11.8000002, y: 2.17000008, z: 0}
  m_LocalScale: {x: 1, y: 1, z: 1}
  m_Children: []
  m_Father: {fileID: 1615095125}
  m_RootOrder: 2
--- !u!1 &1039714611
GameObject:
  m_ObjectHideFlags: 0
  m_PrefabParentObject: {fileID: 0}
  m_PrefabInternal: {fileID: 0}
  serializedVersion: 4
  m_Component:
  - 4: {fileID: 1039714612}
  - 212: {fileID: 1039714614}
  - 61: {fileID: 1039714613}
  m_Layer: 0
  m_Name: mountainFar_1
  m_TagString: Untagged
  m_Icon: {fileID: 0}
  m_NavMeshLayer: 0
  m_StaticEditorFlags: 0
  m_IsActive: 1
--- !u!4 &1039714612
Transform:
  m_ObjectHideFlags: 0
  m_PrefabParentObject: {fileID: 0}
  m_PrefabInternal: {fileID: 0}
  m_GameObject: {fileID: 1039714611}
  m_LocalRotation: {x: 0, y: 0, z: 0, w: 1}
  m_LocalPosition: {x: .0599999987, y: 1.50999999, z: 0}
  m_LocalScale: {x: 1.60000002, y: 1.5, z: 1}
  m_Children: []
  m_Father: {fileID: 318391496}
  m_RootOrder: 3
--- !u!61 &1039714613
BoxCollider2D:
  m_ObjectHideFlags: 0
  m_PrefabParentObject: {fileID: 0}
  m_PrefabInternal: {fileID: 0}
  m_GameObject: {fileID: 1039714611}
  m_Enabled: 1
  m_Material: {fileID: 0}
  m_IsTrigger: 1
  m_UsedByEffector: 0
  m_Offset: {x: -.0163087249, y: 0}
  serializedVersion: 2
  m_Size: {x: 12.7773857, y: 1.27999997}
--- !u!212 &1039714614
SpriteRenderer:
  m_ObjectHideFlags: 0
  m_PrefabParentObject: {fileID: 0}
  m_PrefabInternal: {fileID: 0}
  m_GameObject: {fileID: 1039714611}
  m_Enabled: 1
  m_CastShadows: 0
  m_ReceiveShadows: 0
  m_Materials:
  - {fileID: 10754, guid: 0000000000000000e000000000000000, type: 0}
  m_SubsetIndices: 
  m_StaticBatchRoot: {fileID: 0}
  m_UseLightProbes: 1
  m_ReflectionProbeUsage: 1
  m_ProbeAnchor: {fileID: 0}
  m_ScaleInLightmap: 1
  m_PreserveUVs: 0
  m_ImportantGI: 0
  m_AutoUVMaxDistance: .5
  m_AutoUVMaxAngle: 89
  m_LightmapParameters: {fileID: 0}
  m_SortingLayerID: -153716765
  m_SortingOrder: -1
  m_Sprite: {fileID: 21300000, guid: 67b816aa8a71d4f66aa78197e92675b9, type: 3}
  m_Color: {r: 1, g: 1, b: 1, a: 1}
--- !u!1 &1103545268
GameObject:
  m_ObjectHideFlags: 0
  m_PrefabParentObject: {fileID: 0}
  m_PrefabInternal: {fileID: 1490078374}
  serializedVersion: 4
  m_Component:
  - 4: {fileID: 1103545269}
  m_Layer: 0
  m_Name: Missing Prefab (Dummy)
  m_TagString: Untagged
  m_Icon: {fileID: 0}
  m_NavMeshLayer: 0
  m_StaticEditorFlags: 0
  m_IsActive: 1
--- !u!4 &1103545269
Transform:
  m_ObjectHideFlags: 0
  m_PrefabParentObject: {fileID: 426744, guid: 20ffb4360258a4ca5b4a99fe80bad35c, type: 2}
  m_PrefabInternal: {fileID: 1490078374}
  m_GameObject: {fileID: 1103545268}
  m_LocalRotation: {x: 0, y: 0, z: 0, w: 1}
  m_LocalPosition: {x: 0, y: 0, z: 0}
  m_LocalScale: {x: 1, y: 1, z: 1}
  m_Children: []
  m_Father: {fileID: 1393244622}
  m_RootOrder: 0
--- !u!1 &1131565884
GameObject:
  m_ObjectHideFlags: 0
  m_PrefabParentObject: {fileID: 0}
  m_PrefabInternal: {fileID: 120709212}
  serializedVersion: 4
  m_Component:
  - 4: {fileID: 1131565885}
  m_Layer: 0
  m_Name: Missing Prefab
  m_TagString: Untagged
  m_Icon: {fileID: 0}
  m_NavMeshLayer: 0
  m_StaticEditorFlags: 0
  m_IsActive: 1
--- !u!4 &1131565885
Transform:
  m_ObjectHideFlags: 0
  m_PrefabParentObject: {fileID: 0}
  m_PrefabInternal: {fileID: 120709212}
  m_GameObject: {fileID: 1131565884}
  m_LocalRotation: {x: 0, y: 0, z: 0, w: 1}
  m_LocalPosition: {x: 0, y: 0, z: 0}
  m_LocalScale: {x: 1, y: 1, z: 1}
  m_Children:
  - {fileID: 1499794888}
  m_Father: {fileID: 503048334}
  m_RootOrder: 3
--- !u!1 &1269746726
GameObject:
  m_ObjectHideFlags: 0
  m_PrefabParentObject: {fileID: 0}
  m_PrefabInternal: {fileID: 0}
  serializedVersion: 4
  m_Component:
  - 4: {fileID: 1269746727}
  - 114: {fileID: 1269746729}
  - 114: {fileID: 1269746728}
  m_Layer: 0
  m_Name: RainManager
  m_TagString: RainManager
  m_Icon: {fileID: 0}
  m_NavMeshLayer: 0
  m_StaticEditorFlags: 0
  m_IsActive: 1
--- !u!4 &1269746727
Transform:
  m_ObjectHideFlags: 0
  m_PrefabParentObject: {fileID: 0}
  m_PrefabInternal: {fileID: 0}
  m_GameObject: {fileID: 1269746726}
  m_LocalRotation: {x: 0, y: 0, z: 0, w: 1}
  m_LocalPosition: {x: 0, y: 0, z: 0}
  m_LocalScale: {x: 1, y: 1, z: 1}
  m_Children:
  - {fileID: 50965377}
  m_Father: {fileID: 1282492501}
  m_RootOrder: 0
--- !u!114 &1269746728
MonoBehaviour:
  m_ObjectHideFlags: 0
  m_PrefabParentObject: {fileID: 0}
  m_PrefabInternal: {fileID: 0}
  m_GameObject: {fileID: 1269746726}
  m_Enabled: 1
  m_EditorHideFlags: 0
  m_Script: {fileID: 11500000, guid: 856fdbe6d0d834c338a1fb7530f9653a, type: 3}
  m_Name: 
  m_EditorClassIdentifier: 
  appearType: 1
  itemType: 0
  timeToStart: 0
  timeToRepeat: 0
  pipeToStart: 5
  pipesToRepeat: 10
--- !u!114 &1269746729
MonoBehaviour:
  m_ObjectHideFlags: 0
  m_PrefabParentObject: {fileID: 0}
  m_PrefabInternal: {fileID: 0}
  m_GameObject: {fileID: 1269746726}
  m_Enabled: 1
  m_EditorHideFlags: 0
  m_Script: {fileID: 11500000, guid: b6449c8ef604147c4858c5ec6ce41749, type: 3}
  m_Name: 
  m_EditorClassIdentifier: 
  timerRain: 0
  startRain: 0
  loopRain: {fileID: 8300000, guid: 3437662a5436f41f9a7504616a5b697a, type: 3}
  rain: {fileID: 1512749713}
  fadeInGrey: 0
  fadeOutGrey: 0
  fadeTimer: 0
--- !u!1 &1282492500
GameObject:
  m_ObjectHideFlags: 0
  m_PrefabParentObject: {fileID: 0}
  m_PrefabInternal: {fileID: 0}
  serializedVersion: 4
  m_Component:
  - 4: {fileID: 1282492501}
  m_Layer: 0
  m_Name: ItemsManager
  m_TagString: Untagged
  m_Icon: {fileID: 0}
  m_NavMeshLayer: 0
  m_StaticEditorFlags: 0
  m_IsActive: 1
--- !u!4 &1282492501
Transform:
  m_ObjectHideFlags: 0
  m_PrefabParentObject: {fileID: 0}
  m_PrefabInternal: {fileID: 0}
  m_GameObject: {fileID: 1282492500}
  m_LocalRotation: {x: 0, y: 0, z: 0, w: 1}
  m_LocalPosition: {x: 0, y: 0, z: 0}
  m_LocalScale: {x: 1, y: 1, z: 1}
  m_Children:
  - {fileID: 1269746727}
  - {fileID: 1455232634}
  - {fileID: 644813441}
  - {fileID: 1305419630}
  m_Father: {fileID: 0}
  m_RootOrder: 1
--- !u!1 &1291782319
GameObject:
  m_ObjectHideFlags: 0
  m_PrefabParentObject: {fileID: 0}
  m_PrefabInternal: {fileID: 0}
  serializedVersion: 4
  m_Component:
  - 4: {fileID: 1291782320}
  - 212: {fileID: 1291782321}
  m_Layer: 0
  m_Name: face_smile
  m_TagString: Untagged
  m_Icon: {fileID: 0}
  m_NavMeshLayer: 0
  m_StaticEditorFlags: 0
  m_IsActive: 0
--- !u!4 &1291782320
Transform:
  m_ObjectHideFlags: 0
  m_PrefabParentObject: {fileID: 0}
  m_PrefabInternal: {fileID: 0}
  m_GameObject: {fileID: 1291782319}
  m_LocalRotation: {x: 0, y: 0, z: 0, w: 1}
  m_LocalPosition: {x: .969146729, y: -.220968485, z: .038643077}
  m_LocalScale: {x: .921462655, y: .921462715, z: 0}
  m_Children: []
  m_Father: {fileID: 1527354729}
  m_RootOrder: 1
--- !u!212 &1291782321
SpriteRenderer:
  m_ObjectHideFlags: 0
  m_PrefabParentObject: {fileID: 0}
  m_PrefabInternal: {fileID: 0}
  m_GameObject: {fileID: 1291782319}
  m_Enabled: 1
  m_CastShadows: 0
  m_ReceiveShadows: 0
  m_Materials:
  - {fileID: 10754, guid: 0000000000000000e000000000000000, type: 0}
  m_SubsetIndices: 
  m_StaticBatchRoot: {fileID: 0}
  m_UseLightProbes: 1
  m_ReflectionProbeUsage: 1
  m_ProbeAnchor: {fileID: 0}
  m_ScaleInLightmap: 1
  m_PreserveUVs: 0
  m_ImportantGI: 0
  m_AutoUVMaxDistance: .5
  m_AutoUVMaxAngle: 89
  m_LightmapParameters: {fileID: 0}
  m_SortingLayerID: 0
  m_SortingOrder: 1
  m_Sprite: {fileID: 21300000, guid: a1a65a4451fce4a8d8e67855140d227b, type: 3}
  m_Color: {r: 1, g: 1, b: 1, a: 1}
--- !u!1 &1305419629
GameObject:
  m_ObjectHideFlags: 0
  m_PrefabParentObject: {fileID: 0}
  m_PrefabInternal: {fileID: 0}
  serializedVersion: 4
  m_Component:
  - 4: {fileID: 1305419630}
  - 114: {fileID: 1305419632}
  - 114: {fileID: 1305419631}
  m_Layer: 0
  m_Name: GravityManager
  m_TagString: GravityManager
  m_Icon: {fileID: 0}
  m_NavMeshLayer: 0
  m_StaticEditorFlags: 0
  m_IsActive: 1
--- !u!4 &1305419630
Transform:
  m_ObjectHideFlags: 0
  m_PrefabParentObject: {fileID: 0}
  m_PrefabInternal: {fileID: 0}
  m_GameObject: {fileID: 1305419629}
  m_LocalRotation: {x: 0, y: 0, z: 0, w: 1}
  m_LocalPosition: {x: 0, y: 0, z: 0}
  m_LocalScale: {x: 1, y: 1, z: 1}
  m_Children: []
  m_Father: {fileID: 1282492501}
  m_RootOrder: 3
--- !u!114 &1305419631
MonoBehaviour:
  m_ObjectHideFlags: 0
  m_PrefabParentObject: {fileID: 0}
  m_PrefabInternal: {fileID: 0}
  m_GameObject: {fileID: 1305419629}
  m_Enabled: 1
  m_EditorHideFlags: 0
  m_Script: {fileID: 11500000, guid: 856fdbe6d0d834c338a1fb7530f9653a, type: 3}
  m_Name: 
  m_EditorClassIdentifier: 
  appearType: 4
  itemType: 0
  timeToStart: 0
  timeToRepeat: 0
  pipeToStart: 0
  pipesToRepeat: 0
--- !u!114 &1305419632
MonoBehaviour:
  m_ObjectHideFlags: 0
  m_PrefabParentObject: {fileID: 0}
  m_PrefabInternal: {fileID: 0}
  m_GameObject: {fileID: 1305419629}
  m_Enabled: 1
  m_EditorHideFlags: 0
  m_Script: {fileID: 11500000, guid: 0d95d5d553c204084b2b808df6c1c4bc, type: 3}
  m_Name: 
  m_EditorClassIdentifier: 
  timerGravity: 0
  start: 0
--- !u!1 &1337812939
GameObject:
  m_ObjectHideFlags: 0
  m_PrefabParentObject: {fileID: 0}
  m_PrefabInternal: {fileID: 0}
  serializedVersion: 4
  m_Component:
  - 4: {fileID: 1337812940}
  m_Layer: 0
  m_Name: PointDestroy
  m_TagString: PointDestroy
  m_Icon: {fileID: 5132851093641282708, guid: 0000000000000000d000000000000000, type: 0}
  m_NavMeshLayer: 0
  m_StaticEditorFlags: 0
  m_IsActive: 1
--- !u!4 &1337812940
Transform:
  m_ObjectHideFlags: 0
  m_PrefabParentObject: {fileID: 0}
  m_PrefabInternal: {fileID: 0}
  m_GameObject: {fileID: 1337812939}
  m_LocalRotation: {x: 0, y: 0, z: 0, w: 1}
  m_LocalPosition: {x: -31.6000004, y: 0, z: 0}
  m_LocalScale: {x: 1, y: 1, z: 1}
  m_Children: []
  m_Father: {fileID: 1615095125}
  m_RootOrder: 1
--- !u!1001 &1349251808
Prefab:
  m_ObjectHideFlags: 0
  serializedVersion: 2
  m_Modification:
    m_TransformParent: {fileID: 1269746727}
    m_Modifications:
    - target: {fileID: 451120, guid: 56c9d5f49e87246dab5d7defd2926c05, type: 2}
      propertyPath: m_LocalPosition.x
      value: 3.70000005
      objectReference: {fileID: 0}
    - target: {fileID: 451120, guid: 56c9d5f49e87246dab5d7defd2926c05, type: 2}
      propertyPath: m_LocalPosition.y
      value: 5.30000019
      objectReference: {fileID: 0}
    - target: {fileID: 451120, guid: 56c9d5f49e87246dab5d7defd2926c05, type: 2}
      propertyPath: m_LocalPosition.z
      value: 0
      objectReference: {fileID: 0}
    - target: {fileID: 451120, guid: 56c9d5f49e87246dab5d7defd2926c05, type: 2}
      propertyPath: m_LocalRotation.x
      value: 0
      objectReference: {fileID: 0}
    - target: {fileID: 451120, guid: 56c9d5f49e87246dab5d7defd2926c05, type: 2}
      propertyPath: m_LocalRotation.y
      value: 0
      objectReference: {fileID: 0}
    - target: {fileID: 451120, guid: 56c9d5f49e87246dab5d7defd2926c05, type: 2}
      propertyPath: m_LocalRotation.z
      value: 0
      objectReference: {fileID: 0}
    - target: {fileID: 451120, guid: 56c9d5f49e87246dab5d7defd2926c05, type: 2}
      propertyPath: m_LocalRotation.w
      value: 1
      objectReference: {fileID: 0}
    - target: {fileID: 451120, guid: 56c9d5f49e87246dab5d7defd2926c05, type: 2}
      propertyPath: m_RootOrder
      value: 0
      objectReference: {fileID: 0}
    - target: {fileID: 151120, guid: 56c9d5f49e87246dab5d7defd2926c05, type: 2}
      propertyPath: m_IsActive
      value: 1
      objectReference: {fileID: 0}
    m_RemovedComponents: []
  m_ParentPrefab: {fileID: 100100000, guid: 56c9d5f49e87246dab5d7defd2926c05, type: 2}
  m_RootGameObject: {fileID: 50965376}
  m_IsPrefabParent: 0
--- !u!1 &1393244621
GameObject:
  m_ObjectHideFlags: 0
  m_PrefabParentObject: {fileID: 0}
  m_PrefabInternal: {fileID: 1490078374}
  serializedVersion: 4
  m_Component:
  - 4: {fileID: 1393244622}
  m_Layer: 0
  m_Name: Missing Prefab
  m_TagString: Untagged
  m_Icon: {fileID: 0}
  m_NavMeshLayer: 0
  m_StaticEditorFlags: 0
  m_IsActive: 1
--- !u!4 &1393244622
Transform:
  m_ObjectHideFlags: 0
  m_PrefabParentObject: {fileID: 0}
  m_PrefabInternal: {fileID: 1490078374}
  m_GameObject: {fileID: 1393244621}
  m_LocalRotation: {x: 0, y: 0, z: 0, w: 1}
  m_LocalPosition: {x: 0, y: 0, z: 0}
  m_LocalScale: {x: 1, y: 1, z: 1}
  m_Children:
  - {fileID: 1103545269}
  m_Father: {fileID: 503048334}
  m_RootOrder: 2
--- !u!1 &1410309412
GameObject:
  m_ObjectHideFlags: 0
  m_PrefabParentObject: {fileID: 0}
  m_PrefabInternal: {fileID: 0}
  serializedVersion: 4
  m_Component:
  - 4: {fileID: 1410309414}
  - 61: {fileID: 1410309413}
  m_Layer: 0
  m_Name: Techo
  m_TagString: Untagged
  m_Icon: {fileID: 0}
  m_NavMeshLayer: 0
  m_StaticEditorFlags: 0
  m_IsActive: 1
--- !u!61 &1410309413
BoxCollider2D:
  m_ObjectHideFlags: 0
  m_PrefabParentObject: {fileID: 0}
  m_PrefabInternal: {fileID: 0}
  m_GameObject: {fileID: 1410309412}
  m_Enabled: 1
  m_Material: {fileID: 0}
  m_IsTrigger: 0
  m_UsedByEffector: 0
  m_Offset: {x: 9.61926842, y: 0}
  serializedVersion: 2
  m_Size: {x: 40.3582268, y: 1}
--- !u!4 &1410309414
Transform:
  m_ObjectHideFlags: 0
  m_PrefabParentObject: {fileID: 0}
  m_PrefabInternal: {fileID: 0}
  m_GameObject: {fileID: 1410309412}
  m_LocalRotation: {x: 0, y: 0, z: 0, w: 1}
  m_LocalPosition: {x: .411888123, y: 4.4000001, z: 0}
  m_LocalScale: {x: 1, y: 1, z: 1}
  m_Children: []
  m_Father: {fileID: 0}
  m_RootOrder: 4
--- !u!1 &1455232633
GameObject:
  m_ObjectHideFlags: 0
  m_PrefabParentObject: {fileID: 0}
  m_PrefabInternal: {fileID: 0}
  serializedVersion: 4
  m_Component:
  - 4: {fileID: 1455232634}
  m_Layer: 0
  m_Name: SpeedManager
  m_TagString: Untagged
  m_Icon: {fileID: 0}
  m_NavMeshLayer: 0
  m_StaticEditorFlags: 0
  m_IsActive: 1
--- !u!4 &1455232634
Transform:
  m_ObjectHideFlags: 0
  m_PrefabParentObject: {fileID: 0}
  m_PrefabInternal: {fileID: 0}
  m_GameObject: {fileID: 1455232633}
  m_LocalRotation: {x: 0, y: 0, z: 0, w: 1}
  m_LocalPosition: {x: 0, y: 0, z: 0}
  m_LocalScale: {x: 1, y: 1, z: 1}
  m_Children: []
  m_Father: {fileID: 1282492501}
  m_RootOrder: 1
--- !u!1001 &1490078374
Prefab:
  m_ObjectHideFlags: 0
  serializedVersion: 2
  m_Modification:
    m_TransformParent: {fileID: 503048334}
    m_Modifications:
    - target: {fileID: 426744, guid: 20ffb4360258a4ca5b4a99fe80bad35c, type: 2}
      propertyPath: m_LocalPosition.x
      value: .720000029
      objectReference: {fileID: 0}
    - target: {fileID: 426744, guid: 20ffb4360258a4ca5b4a99fe80bad35c, type: 2}
      propertyPath: m_LocalPosition.y
      value: 2.07999992
      objectReference: {fileID: 0}
    - target: {fileID: 426744, guid: 20ffb4360258a4ca5b4a99fe80bad35c, type: 2}
      propertyPath: m_LocalPosition.z
      value: 0
      objectReference: {fileID: 0}
    - target: {fileID: 426744, guid: 20ffb4360258a4ca5b4a99fe80bad35c, type: 2}
      propertyPath: m_LocalRotation.x
      value: 0
      objectReference: {fileID: 0}
    - target: {fileID: 426744, guid: 20ffb4360258a4ca5b4a99fe80bad35c, type: 2}
      propertyPath: m_LocalRotation.y
      value: 0
      objectReference: {fileID: 0}
    - target: {fileID: 426744, guid: 20ffb4360258a4ca5b4a99fe80bad35c, type: 2}
      propertyPath: m_LocalRotation.z
      value: 0
      objectReference: {fileID: 0}
    - target: {fileID: 426744, guid: 20ffb4360258a4ca5b4a99fe80bad35c, type: 2}
      propertyPath: m_LocalRotation.w
      value: 1
      objectReference: {fileID: 0}
    - target: {fileID: 426744, guid: 20ffb4360258a4ca5b4a99fe80bad35c, type: 2}
      propertyPath: m_RootOrder
      value: 2
      objectReference: {fileID: 0}
    - target: {fileID: 11443616, guid: 20ffb4360258a4ca5b4a99fe80bad35c, type: 2}
      propertyPath: pointDestruction.x
      value: -31.6000004
      objectReference: {fileID: 0}
    - target: {fileID: 121682, guid: 20ffb4360258a4ca5b4a99fe80bad35c, type: 2}
      propertyPath: m_Name
      value: prop_Cloud_1_sprite (1)
      objectReference: {fileID: 0}
    m_RemovedComponents: []
  m_ParentPrefab: {fileID: 100100000, guid: 20ffb4360258a4ca5b4a99fe80bad35c, type: 2}
  m_RootGameObject: {fileID: 1393244621}
  m_IsPrefabParent: 0
--- !u!1 &1499794887
GameObject:
  m_ObjectHideFlags: 0
  m_PrefabParentObject: {fileID: 0}
  m_PrefabInternal: {fileID: 120709212}
  serializedVersion: 4
  m_Component:
  - 4: {fileID: 1499794888}
  m_Layer: 0
  m_Name: Missing Prefab (Dummy)
  m_TagString: Untagged
  m_Icon: {fileID: 0}
  m_NavMeshLayer: 0
  m_StaticEditorFlags: 0
  m_IsActive: 1
--- !u!4 &1499794888
Transform:
  m_ObjectHideFlags: 0
  m_PrefabParentObject: {fileID: 426744, guid: 20ffb4360258a4ca5b4a99fe80bad35c, type: 2}
  m_PrefabInternal: {fileID: 120709212}
  m_GameObject: {fileID: 1499794887}
  m_LocalRotation: {x: 0, y: 0, z: 0, w: 1}
  m_LocalPosition: {x: 0, y: 0, z: 0}
  m_LocalScale: {x: 1, y: 1, z: 1}
  m_Children: []
  m_Father: {fileID: 1131565885}
  m_RootOrder: 0
--- !u!1 &1512749713
GameObject:
  m_ObjectHideFlags: 0
  m_PrefabParentObject: {fileID: 151120, guid: 56c9d5f49e87246dab5d7defd2926c05, type: 2}
  m_PrefabInternal: {fileID: 1349251808}
  serializedVersion: 4
  m_Component:
  - 4: {fileID: 1512749714}
  m_Layer: 0
  m_Name: Missing Prefab (Dummy)
  m_TagString: Untagged
  m_Icon: {fileID: 0}
  m_NavMeshLayer: 0
  m_StaticEditorFlags: 0
  m_IsActive: 0
--- !u!4 &1512749714
Transform:
  m_ObjectHideFlags: 0
  m_PrefabParentObject: {fileID: 0}
  m_PrefabInternal: {fileID: 1349251808}
  m_GameObject: {fileID: 1512749713}
  m_LocalRotation: {x: 0, y: 0, z: 0, w: 1}
  m_LocalPosition: {x: 0, y: 0, z: 0}
  m_LocalScale: {x: 1, y: 1, z: 1}
  m_Children: []
  m_Father: {fileID: 50965377}
  m_RootOrder: 0
--- !u!1 &1527354727
GameObject:
  m_ObjectHideFlags: 0
  m_PrefabParentObject: {fileID: 0}
  m_PrefabInternal: {fileID: 0}
  serializedVersion: 4
  m_Component:
  - 4: {fileID: 1527354729}
  - 212: {fileID: 1527354731}
  - 114: {fileID: 1527354728}
  - 95: {fileID: 1527354730}
  m_Layer: 0
  m_Name: Face
  m_TagString: Untagged
  m_Icon: {fileID: 0}
  m_NavMeshLayer: 0
  m_StaticEditorFlags: 0
  m_IsActive: 1
--- !u!114 &1527354728
MonoBehaviour:
  m_ObjectHideFlags: 0
  m_PrefabParentObject: {fileID: 0}
  m_PrefabInternal: {fileID: 0}
  m_GameObject: {fileID: 1527354727}
  m_Enabled: 1
  m_EditorHideFlags: 0
  m_Script: {fileID: 11500000, guid: f8ca8adad7d9747d8bb8528bab3f3a18, type: 3}
  m_Name: 
  m_EditorClassIdentifier: 
  face_background: {fileID: 1821493409}
  face_normal: {fileID: 893618262}
  face_lose: {fileID: 631110732}
  face_win: {fileID: 1291782319}
  face_power: {fileID: 0}
  type: 0
--- !u!4 &1527354729
Transform:
  m_ObjectHideFlags: 0
  m_PrefabParentObject: {fileID: 0}
  m_PrefabInternal: {fileID: 0}
  m_GameObject: {fileID: 1527354727}
  m_LocalRotation: {x: 0, y: 0, z: 0, w: 1}
  m_LocalPosition: {x: -7.69000006, y: -2.61407447, z: -.038643077}
  m_LocalScale: {x: 1, y: 1, z: 1}
  m_Children:
  - {fileID: 914745824}
  - {fileID: 1291782320}
  - {fileID: 631110733}
  - {fileID: 893618264}
  - {fileID: 1821493410}
  m_Father: {fileID: 0}
  m_RootOrder: 2
--- !u!95 &1527354730
Animator:
  serializedVersion: 3
  m_ObjectHideFlags: 0
  m_PrefabParentObject: {fileID: 0}
  m_PrefabInternal: {fileID: 0}
  m_GameObject: {fileID: 1527354727}
  m_Enabled: 1
  m_Avatar: {fileID: 0}
  m_Controller: {fileID: 9100000, guid: 60f6fa35e2c1345a59b0bf344199d9d1, type: 2}
  m_CullingMode: 0
  m_UpdateMode: 0
  m_ApplyRootMotion: 0
  m_LinearVelocityBlending: 0
  m_WarningMessage: 
  m_HasTransformHierarchy: 1
  m_AllowConstantClipSamplingOptimization: 1
--- !u!212 &1527354731
SpriteRenderer:
  m_ObjectHideFlags: 0
  m_PrefabParentObject: {fileID: 0}
  m_PrefabInternal: {fileID: 0}
  m_GameObject: {fileID: 1527354727}
  m_Enabled: 1
  m_CastShadows: 0
  m_ReceiveShadows: 0
  m_Materials:
  - {fileID: 10754, guid: 0000000000000000e000000000000000, type: 0}
  m_SubsetIndices: 
  m_StaticBatchRoot: {fileID: 0}
  m_UseLightProbes: 1
  m_ReflectionProbeUsage: 1
  m_ProbeAnchor: {fileID: 0}
  m_ScaleInLightmap: 1
  m_PreserveUVs: 0
  m_ImportantGI: 0
  m_AutoUVMaxDistance: .5
  m_AutoUVMaxAngle: 89
  m_LightmapParameters: {fileID: 0}
  m_SortingLayerID: 0
  m_SortingOrder: 1
  m_Sprite: {fileID: 0}
  m_Color: {r: 1, g: 1, b: 1, a: 1}
--- !u!1 &1615095124
GameObject:
  m_ObjectHideFlags: 0
  m_PrefabParentObject: {fileID: 0}
  m_PrefabInternal: {fileID: 0}
  serializedVersion: 4
  m_Component:
  - 4: {fileID: 1615095125}
  m_Layer: 0
  m_Name: Points
  m_TagString: Untagged
  m_Icon: {fileID: 0}
  m_NavMeshLayer: 0
  m_StaticEditorFlags: 0
  m_IsActive: 1
--- !u!4 &1615095125
Transform:
  m_ObjectHideFlags: 0
  m_PrefabParentObject: {fileID: 0}
  m_PrefabInternal: {fileID: 0}
  m_GameObject: {fileID: 1615095124}
  m_LocalRotation: {x: 0, y: 0, z: 0, w: 1}
  m_LocalPosition: {x: 0, y: 0, z: 0}
  m_LocalScale: {x: 1, y: 1, z: 1}
  m_Children:
  - {fileID: 1625468565}
  - {fileID: 1337812940}
  - {fileID: 1020207666}
  m_Father: {fileID: 0}
  m_RootOrder: 6
--- !u!1 &1625468564
GameObject:
  m_ObjectHideFlags: 0
  m_PrefabParentObject: {fileID: 0}
  m_PrefabInternal: {fileID: 0}
  serializedVersion: 4
  m_Component:
  - 4: {fileID: 1625468565}
  m_Layer: 0
  m_Name: PointGenerator
  m_TagString: Untagged
  m_Icon: {fileID: -964228994112308473, guid: 0000000000000000d000000000000000, type: 0}
  m_NavMeshLayer: 0
  m_StaticEditorFlags: 0
  m_IsActive: 1
--- !u!4 &1625468565
Transform:
  m_ObjectHideFlags: 0
  m_PrefabParentObject: {fileID: 0}
  m_PrefabInternal: {fileID: 0}
  m_GameObject: {fileID: 1625468564}
  m_LocalRotation: {x: 0, y: 0, z: 0, w: 1}
  m_LocalPosition: {x: 11.4899998, y: 0, z: 0}
  m_LocalScale: {x: 1, y: 1, z: 1}
  m_Children: []
  m_Father: {fileID: 1615095125}
  m_RootOrder: 0
--- !u!1 &1714959105
GameObject:
  m_ObjectHideFlags: 0
  m_PrefabParentObject: {fileID: 0}
  m_PrefabInternal: {fileID: 0}
  serializedVersion: 4
  m_Component:
  - 4: {fileID: 1714959106}
  - 212: {fileID: 1714959107}
  m_Layer: 0
  m_Name: MountainSky
  m_TagString: Untagged
  m_Icon: {fileID: 0}
  m_NavMeshLayer: 0
  m_StaticEditorFlags: 0
  m_IsActive: 1
--- !u!4 &1714959106
Transform:
  m_ObjectHideFlags: 0
  m_PrefabParentObject: {fileID: 0}
  m_PrefabInternal: {fileID: 0}
  m_GameObject: {fileID: 1714959105}
  m_LocalRotation: {x: 0, y: 0, z: 0, w: 1}
  m_LocalPosition: {x: 9.18000031, y: -3, z: 0}
  m_LocalScale: {x: 121.400002, y: 19.5900002, z: 1}
  m_Children: []
  m_Father: {fileID: 318391496}
  m_RootOrder: 0
--- !u!212 &1714959107
SpriteRenderer:
  m_ObjectHideFlags: 0
  m_PrefabParentObject: {fileID: 0}
  m_PrefabInternal: {fileID: 0}
  m_GameObject: {fileID: 1714959105}
  m_Enabled: 1
  m_CastShadows: 0
  m_ReceiveShadows: 0
  m_Materials:
  - {fileID: 10754, guid: 0000000000000000e000000000000000, type: 0}
  m_SubsetIndices: 
  m_StaticBatchRoot: {fileID: 0}
  m_UseLightProbes: 1
  m_ReflectionProbeUsage: 1
  m_ProbeAnchor: {fileID: 0}
  m_ScaleInLightmap: 1
  m_PreserveUVs: 0
  m_ImportantGI: 0
  m_AutoUVMaxDistance: .5
  m_AutoUVMaxAngle: 89
  m_LightmapParameters: {fileID: 0}
  m_SortingLayerID: -153716765
  m_SortingOrder: 0
  m_Sprite: {fileID: 21300000, guid: 5eccd5dc67527bc41b55f3d09f5a5fd4, type: 3}
  m_Color: {r: 1, g: 1, b: 1, a: 1}
--- !u!1001 &1789129571
Prefab:
  m_ObjectHideFlags: 0
  serializedVersion: 2
  m_Modification:
    m_TransformParent: {fileID: 0}
    m_Modifications:
    - target: {fileID: 444104, guid: a612a76190c9a460bbf35fe0833e3edf, type: 2}
      propertyPath: m_LocalPosition.x
      value: -3.29999995
      objectReference: {fileID: 0}
    - target: {fileID: 444104, guid: a612a76190c9a460bbf35fe0833e3edf, type: 2}
      propertyPath: m_LocalPosition.y
      value: 0
      objectReference: {fileID: 0}
    - target: {fileID: 444104, guid: a612a76190c9a460bbf35fe0833e3edf, type: 2}
      propertyPath: m_LocalPosition.z
      value: 0
      objectReference: {fileID: 0}
    - target: {fileID: 444104, guid: a612a76190c9a460bbf35fe0833e3edf, type: 2}
      propertyPath: m_LocalRotation.x
      value: -1.33158068e-07
      objectReference: {fileID: 0}
    - target: {fileID: 444104, guid: a612a76190c9a460bbf35fe0833e3edf, type: 2}
      propertyPath: m_LocalRotation.y
      value: 0
      objectReference: {fileID: 0}
    - target: {fileID: 444104, guid: a612a76190c9a460bbf35fe0833e3edf, type: 2}
      propertyPath: m_LocalRotation.z
      value: 0
      objectReference: {fileID: 0}
    - target: {fileID: 444104, guid: a612a76190c9a460bbf35fe0833e3edf, type: 2}
      propertyPath: m_LocalRotation.w
      value: 1
      objectReference: {fileID: 0}
    - target: {fileID: 444104, guid: a612a76190c9a460bbf35fe0833e3edf, type: 2}
      propertyPath: m_RootOrder
      value: 2
      objectReference: {fileID: 0}
    - target: {fileID: 444104, guid: a612a76190c9a460bbf35fe0833e3edf, type: 2}
      propertyPath: m_LocalScale.x
      value: 3.88972712
      objectReference: {fileID: 0}
    - target: {fileID: 444104, guid: a612a76190c9a460bbf35fe0833e3edf, type: 2}
      propertyPath: m_LocalScale.y
      value: 3.88972712
      objectReference: {fileID: 0}
    - target: {fileID: 444104, guid: a612a76190c9a460bbf35fe0833e3edf, type: 2}
      propertyPath: m_LocalScale.z
      value: 1.5558908
      objectReference: {fileID: 0}
    - target: {fileID: 144756, guid: a612a76190c9a460bbf35fe0833e3edf, type: 2}
      propertyPath: m_TagString
      value: Player
      objectReference: {fileID: 0}
    - target: {fileID: 5096292, guid: a612a76190c9a460bbf35fe0833e3edf, type: 2}
      propertyPath: m_GravityScale
      value: 1.5
      objectReference: {fileID: 0}
    - target: {fileID: 6029688, guid: a612a76190c9a460bbf35fe0833e3edf, type: 2}
      propertyPath: m_Enabled
      value: 1
      objectReference: {fileID: 0}
    m_RemovedComponents: []
  m_ParentPrefab: {fileID: 100100000, guid: a612a76190c9a460bbf35fe0833e3edf, type: 2}
  m_RootGameObject: {fileID: 1865901728}
  m_IsPrefabParent: 0
--- !u!1 &1814424072
GameObject:
  m_ObjectHideFlags: 0
  m_PrefabParentObject: {fileID: 0}
  m_PrefabInternal: {fileID: 0}
  serializedVersion: 4
  m_Component:
  - 4: {fileID: 1814424073}
  - 212: {fileID: 1814424074}
  m_Layer: 0
  m_Name: Tutorial_1
  m_TagString: Untagged
  m_Icon: {fileID: 0}
  m_NavMeshLayer: 0
  m_StaticEditorFlags: 0
  m_IsActive: 1
--- !u!4 &1814424073
Transform:
  m_ObjectHideFlags: 0
  m_PrefabParentObject: {fileID: 0}
  m_PrefabInternal: {fileID: 0}
  m_GameObject: {fileID: 1814424072}
  m_LocalRotation: {x: 0, y: 0, z: 0, w: 1}
  m_LocalPosition: {x: -3.33999991, y: -2.28999996, z: 0}
  m_LocalScale: {x: 2, y: 2, z: 2}
  m_Children: []
  m_Father: {fileID: 829165522}
  m_RootOrder: 0
--- !u!212 &1814424074
SpriteRenderer:
  m_ObjectHideFlags: 0
  m_PrefabParentObject: {fileID: 0}
  m_PrefabInternal: {fileID: 0}
  m_GameObject: {fileID: 1814424072}
  m_Enabled: 1
  m_CastShadows: 0
  m_ReceiveShadows: 0
  m_Materials:
  - {fileID: 10754, guid: 0000000000000000e000000000000000, type: 0}
  m_SubsetIndices: 
  m_StaticBatchRoot: {fileID: 0}
  m_UseLightProbes: 1
  m_ReflectionProbeUsage: 1
  m_ProbeAnchor: {fileID: 0}
  m_ScaleInLightmap: 1
  m_PreserveUVs: 0
  m_ImportantGI: 0
  m_AutoUVMaxDistance: .5
  m_AutoUVMaxAngle: 89
  m_LightmapParameters: {fileID: 0}
  m_SortingLayerID: 0
  m_SortingOrder: 0
  m_Sprite: {fileID: 21300000, guid: 4ae2b04e3bc91423697751219cfdb2dc, type: 3}
  m_Color: {r: 1, g: 1, b: 1, a: 1}
--- !u!1 &1821493409
GameObject:
  m_ObjectHideFlags: 0
  m_PrefabParentObject: {fileID: 0}
  m_PrefabInternal: {fileID: 0}
  serializedVersion: 4
  m_Component:
  - 4: {fileID: 1821493410}
  - 212: {fileID: 1821493411}
  m_Layer: 0
  m_Name: circle
  m_TagString: Untagged
  m_Icon: {fileID: 0}
  m_NavMeshLayer: 0
  m_StaticEditorFlags: 0
  m_IsActive: 1
--- !u!4 &1821493410
Transform:
  m_ObjectHideFlags: 0
  m_PrefabParentObject: {fileID: 0}
  m_PrefabInternal: {fileID: 0}
  m_GameObject: {fileID: 1821493409}
  m_LocalRotation: {x: 0, y: 0, z: 0, w: 1}
  m_LocalPosition: {x: .970000029, y: -.300000012, z: 0}
  m_LocalScale: {x: 1, y: 1, z: 1}
  m_Children: []
  m_Father: {fileID: 1527354729}
  m_RootOrder: 4
--- !u!212 &1821493411
SpriteRenderer:
  m_ObjectHideFlags: 0
  m_PrefabParentObject: {fileID: 0}
  m_PrefabInternal: {fileID: 0}
  m_GameObject: {fileID: 1821493409}
  m_Enabled: 1
  m_CastShadows: 0
  m_ReceiveShadows: 0
  m_Materials:
  - {fileID: 10754, guid: 0000000000000000e000000000000000, type: 0}
  m_SubsetIndices: 
  m_StaticBatchRoot: {fileID: 0}
  m_UseLightProbes: 1
  m_ReflectionProbeUsage: 1
  m_ProbeAnchor: {fileID: 0}
  m_ScaleInLightmap: 1
  m_PreserveUVs: 0
  m_ImportantGI: 0
  m_AutoUVMaxDistance: .5
  m_AutoUVMaxAngle: 89
  m_LightmapParameters: {fileID: 0}
  m_SortingLayerID: 0
  m_SortingOrder: 1
  m_Sprite: {fileID: 21300000, guid: 4163a001ecf784130be2418c7b95d5f7, type: 3}
  m_Color: {r: 1, g: 1, b: 1, a: 1}
--- !u!1 &1865901728
GameObject:
  m_ObjectHideFlags: 0
  m_PrefabParentObject: {fileID: 144756, guid: a612a76190c9a460bbf35fe0833e3edf, type: 2}
  m_PrefabInternal: {fileID: 1789129571}
  serializedVersion: 4
  m_Component:
  - 4: {fileID: 1865901735}
  - 212: {fileID: 1865901734}
  - 50: {fileID: 1865901733}
  - 60: {fileID: 1865901732}
  - 82: {fileID: 1865901731}
  - 95: {fileID: 1865901730}
  - 114: {fileID: 1865901729}
  m_Layer: 0
  m_Name: Player
  m_TagString: Player
  m_Icon: {fileID: 0}
  m_NavMeshLayer: 0
  m_StaticEditorFlags: 0
  m_IsActive: 1
--- !u!114 &1865901729
MonoBehaviour:
  m_ObjectHideFlags: 0
  m_PrefabParentObject: {fileID: 0}
  m_PrefabInternal: {fileID: 0}
  m_GameObject: {fileID: 1865901728}
  m_Enabled: 1
  m_EditorHideFlags: 0
  m_Script: {fileID: 11500000, guid: 25ce5a217a2ba4d9cb8691a44ee9a70a, type: 3}
  m_Name: 
  m_EditorClassIdentifier: 
  face: {fileID: 1527354728}
  tutorial_1: {fileID: 1814424072}
  tutorial_2: {fileID: 164525746}
  title: {fileID: 1995784541}
  score: {fileID: 286821499}
  viewGenerator: {fileID: 231978608}
  generator: {fileID: 957532141}
  flap: {fileID: 8300000, guid: 2b9f12ce3e7df491e8dad62d5a0f2e00, type: 3}
  hit: {fileID: 8300000, guid: 1913ff1150c714136b93fd6b5a9942a4, type: 3}
  fall: {fileID: 8300000, guid: b53f9f6a708f04d3885c2f495feaa8ca, type: 3}
  gameOver: {fileID: 8300000, guid: a0b3a2185a7204d388a7e8be52d1d9fa, type: 3}
  loopGame: {fileID: 8300000, guid: d521297ddde0440949d8ffb21d371f04, type: 3}
  rotation: 0
  force: {x: 0, y: 250}
  dead: 0
  timer: 0
  start: 0
  initPosY: 0
  timeValue: 0
  timeTutorial: 0
  modeRain: 0
  modeGravity: 0
--- !u!95 &1865901730
Animator:
  serializedVersion: 3
  m_ObjectHideFlags: 0
  m_PrefabParentObject: {fileID: 0}
  m_PrefabInternal: {fileID: 0}
  m_GameObject: {fileID: 1865901728}
  m_Enabled: 1
  m_Avatar: {fileID: 0}
  m_Controller: {fileID: 9100000, guid: 6671000d609d3426a9d7414df1e47c38, type: 2}
  m_CullingMode: 0
  m_UpdateMode: 0
  m_ApplyRootMotion: 0
  m_LinearVelocityBlending: 0
  m_WarningMessage: 
  m_HasTransformHierarchy: 1
  m_AllowConstantClipSamplingOptimization: 1
--- !u!82 &1865901731
AudioSource:
  m_ObjectHideFlags: 0
  m_PrefabParentObject: {fileID: 0}
  m_PrefabInternal: {fileID: 0}
  m_GameObject: {fileID: 1865901728}
  m_Enabled: 1
  serializedVersion: 4
  OutputAudioMixerGroup: {fileID: 0}
  m_audioClip: {fileID: 0}
  m_PlayOnAwake: 0
  m_Volume: 1
  m_Pitch: 1
  Loop: 0
  Mute: 0
  Priority: 128
  DopplerLevel: 1
  MinDistance: 1
  MaxDistance: 500
  Pan2D: 0
  rolloffMode: 0
  BypassEffects: 0
  BypassListenerEffects: 0
  BypassReverbZones: 0
  rolloffCustomCurve:
    serializedVersion: 2
    m_Curve:
    - time: 0
      value: 1
      inSlope: 0
      outSlope: 0
      tangentMode: 0
    - time: 1
      value: 0
      inSlope: 0
      outSlope: 0
      tangentMode: 0
    m_PreInfinity: 2
    m_PostInfinity: 2
  panLevelCustomCurve:
    serializedVersion: 2
    m_Curve:
    - time: 0
      value: 0
      inSlope: 0
      outSlope: 0
      tangentMode: 0
    m_PreInfinity: 2
    m_PostInfinity: 2
  spreadCustomCurve:
    serializedVersion: 2
    m_Curve:
    - time: 0
      value: 0
      inSlope: 0
      outSlope: 0
      tangentMode: 0
    m_PreInfinity: 2
    m_PostInfinity: 2
  reverbZoneMixCustomCurve:
    serializedVersion: 2
    m_Curve:
    - time: 0
      value: 1
      inSlope: 0
      outSlope: 0
      tangentMode: 0
    m_PreInfinity: 2
    m_PostInfinity: 2
--- !u!60 &1865901732
PolygonCollider2D:
  m_ObjectHideFlags: 0
  m_PrefabParentObject: {fileID: 6029688, guid: a612a76190c9a460bbf35fe0833e3edf,
    type: 2}
  m_PrefabInternal: {fileID: 1789129571}
  m_GameObject: {fileID: 1865901728}
  m_Enabled: 1
  m_Material: {fileID: 0}
  m_IsTrigger: 0
  m_UsedByEffector: 0
  m_Offset: {x: 0, y: 0}
  m_Points:
    m_Paths:
    - - {x: -.0887971744, y: .123860076}
      - {x: -.136391506, y: .0599999987}
      - {x: -.155062899, y: -.07626573}
      - {x: -.107594334, y: -.131328613}
      - {x: .0937215984, y: -.131353974}
      - {x: .125188679, y: -.107594348}
      - {x: .171328649, y: -.0750629008}
      - {x: .160125792, y: .0199999996}
      - {x: .0975943357, y: .120125793}
--- !u!50 &1865901733
Rigidbody2D:
  m_ObjectHideFlags: 0
  m_PrefabParentObject: {fileID: 5096292, guid: a612a76190c9a460bbf35fe0833e3edf,
    type: 2}
  m_PrefabInternal: {fileID: 1789129571}
  m_GameObject: {fileID: 1865901728}
  m_Mass: 1
  m_LinearDrag: 0
  m_AngularDrag: .0500000007
  m_GravityScale: 1.5
  m_FixedAngle: 0
  m_IsKinematic: 0
  m_Interpolate: 0
  m_SleepingMode: 1
  m_CollisionDetection: 0
--- !u!212 &1865901734
SpriteRenderer:
  m_ObjectHideFlags: 0
  m_PrefabParentObject: {fileID: 21224808, guid: a612a76190c9a460bbf35fe0833e3edf,
    type: 2}
  m_PrefabInternal: {fileID: 1789129571}
  m_GameObject: {fileID: 1865901728}
  m_Enabled: 1
  m_CastShadows: 0
  m_ReceiveShadows: 0
  m_Materials:
  - {fileID: 10754, guid: 0000000000000000e000000000000000, type: 0}
  m_SubsetIndices: 
  m_StaticBatchRoot: {fileID: 0}
  m_UseLightProbes: 1
  m_ReflectionProbeUsage: 1
  m_ProbeAnchor: {fileID: 0}
  m_ScaleInLightmap: 1
  m_PreserveUVs: 0
  m_ImportantGI: 0
  m_AutoUVMaxDistance: .5
  m_AutoUVMaxAngle: 89
  m_LightmapParameters: {fileID: 0}
  m_SortingLayerID: 0
  m_SortingOrder: 0
  m_Sprite: {fileID: 21300000, guid: 129afac9192004341be04828062343f2, type: 3}
  m_Color: {r: 1, g: 1, b: 1, a: 1}
--- !u!4 &1865901735
Transform:
  m_ObjectHideFlags: 0
  m_PrefabParentObject: {fileID: 444104, guid: a612a76190c9a460bbf35fe0833e3edf, type: 2}
  m_PrefabInternal: {fileID: 1789129571}
  m_GameObject: {fileID: 1865901728}
  m_LocalRotation: {x: -1.33158068e-07, y: 0, z: 0, w: 1}
  m_LocalPosition: {x: -3.29999995, y: 0, z: 0}
  m_LocalScale: {x: 3.88972712, y: 3.88972712, z: 1.5558908}
  m_Children: []
  m_Father: {fileID: 0}
  m_RootOrder: 5
--- !u!1 &1896686314
GameObject:
  m_ObjectHideFlags: 0
  m_PrefabParentObject: {fileID: 0}
  m_PrefabInternal: {fileID: 1959824418}
  serializedVersion: 4
  m_Component:
  - 4: {fileID: 1896686315}
  m_Layer: 0
  m_Name: Missing Prefab (Dummy)
  m_TagString: Untagged
  m_Icon: {fileID: 0}
  m_NavMeshLayer: 0
  m_StaticEditorFlags: 0
  m_IsActive: 1
--- !u!4 &1896686315
Transform:
  m_ObjectHideFlags: 0
  m_PrefabParentObject: {fileID: 400000, guid: 5e2514f13f81b09499af9009914f889a, type: 2}
  m_PrefabInternal: {fileID: 1959824418}
  m_GameObject: {fileID: 1896686314}
  m_LocalRotation: {x: 0, y: 0, z: 0, w: 1}
  m_LocalPosition: {x: 0, y: 0, z: 0}
  m_LocalScale: {x: 1, y: 1, z: 1}
  m_Children: []
  m_Father: {fileID: 914745824}
  m_RootOrder: 0
--- !u!1001 &1959824418
Prefab:
  m_ObjectHideFlags: 0
  serializedVersion: 2
  m_Modification:
    m_TransformParent: {fileID: 1527354729}
    m_Modifications:
    - target: {fileID: 400000, guid: 5e2514f13f81b09499af9009914f889a, type: 2}
      propertyPath: m_LocalPosition.x
      value: .920000076
      objectReference: {fileID: 0}
    - target: {fileID: 400000, guid: 5e2514f13f81b09499af9009914f889a, type: 2}
      propertyPath: m_LocalPosition.y
      value: -.35592556
      objectReference: {fileID: 0}
    - target: {fileID: 400000, guid: 5e2514f13f81b09499af9009914f889a, type: 2}
      propertyPath: m_LocalPosition.z
      value: .038643077
      objectReference: {fileID: 0}
    - target: {fileID: 400000, guid: 5e2514f13f81b09499af9009914f889a, type: 2}
      propertyPath: m_LocalRotation.x
      value: 0
      objectReference: {fileID: 0}
    - target: {fileID: 400000, guid: 5e2514f13f81b09499af9009914f889a, type: 2}
      propertyPath: m_LocalRotation.y
      value: 0
      objectReference: {fileID: 0}
    - target: {fileID: 400000, guid: 5e2514f13f81b09499af9009914f889a, type: 2}
      propertyPath: m_LocalRotation.z
      value: 0
      objectReference: {fileID: 0}
    - target: {fileID: 400000, guid: 5e2514f13f81b09499af9009914f889a, type: 2}
      propertyPath: m_LocalRotation.w
      value: 1
      objectReference: {fileID: 0}
    - target: {fileID: 400000, guid: 5e2514f13f81b09499af9009914f889a, type: 2}
      propertyPath: m_RootOrder
      value: 0
      objectReference: {fileID: 0}
    - target: {fileID: 100002, guid: 5e2514f13f81b09499af9009914f889a, type: 2}
      propertyPath: m_IsActive
      value: 1
      objectReference: {fileID: 0}
    - target: {fileID: 100000, guid: 5e2514f13f81b09499af9009914f889a, type: 2}
      propertyPath: m_IsActive
      value: 0
      objectReference: {fileID: 0}
    m_RemovedComponents: []
  m_ParentPrefab: {fileID: 100100000, guid: 5e2514f13f81b09499af9009914f889a, type: 2}
  m_RootGameObject: {fileID: 914745823}
  m_IsPrefabParent: 0
--- !u!1 &1995784540
GameObject:
  m_ObjectHideFlags: 0
  m_PrefabParentObject: {fileID: 0}
  m_PrefabInternal: {fileID: 0}
  serializedVersion: 4
  m_Component:
  - 224: {fileID: 1995784542}
  - 222: {fileID: 1995784543}
  - 114: {fileID: 1995784541}
  m_Layer: 5
  m_Name: Title
  m_TagString: Untagged
  m_Icon: {fileID: 0}
  m_NavMeshLayer: 0
  m_StaticEditorFlags: 0
  m_IsActive: 1
--- !u!114 &1995784541
MonoBehaviour:
  m_ObjectHideFlags: 0
  m_PrefabParentObject: {fileID: 0}
  m_PrefabInternal: {fileID: 0}
  m_GameObject: {fileID: 1995784540}
  m_Enabled: 1
  m_EditorHideFlags: 0
  m_Script: {fileID: 708705254, guid: f5f67c52d1564df4a8936ccd202a3bd8, type: 3}
  m_Name: 
  m_EditorClassIdentifier: 
  m_Material: {fileID: 0}
  m_Color: {r: .196078435, g: .196078435, b: .196078435, a: 1}
  m_FontData:
    m_Font: {fileID: 12800000, guid: ce34a72df354046798729b3ea7da357f, type: 3}
    m_FontSize: 57
    m_FontStyle: 0
    m_BestFit: 1
    m_MinSize: 10
    m_MaxSize: 100
    m_Alignment: 1
    m_RichText: 1
    m_HorizontalOverflow: 0
    m_VerticalOverflow: 0
    m_LineSpacing: 1
  m_Text: 'Super

    Lishe Bird'
--- !u!224 &1995784542
RectTransform:
  m_ObjectHideFlags: 0
  m_PrefabParentObject: {fileID: 0}
  m_PrefabInternal: {fileID: 0}
  m_GameObject: {fileID: 1995784540}
  m_LocalRotation: {x: 0, y: 0, z: 0, w: 1}
  m_LocalPosition: {x: 0, y: 0, z: 0}
  m_LocalScale: {x: 1, y: 1, z: 1}
  m_Children: []
  m_Father: {fileID: 453594975}
  m_RootOrder: 1
  m_AnchorMin: {x: 1, y: 0}
  m_AnchorMax: {x: 1, y: 0}
  m_AnchoredPosition: {x: -198, y: 113}
  m_SizeDelta: {x: 366, y: 159}
  m_Pivot: {x: .5, y: .5}
--- !u!222 &1995784543
CanvasRenderer:
  m_ObjectHideFlags: 0
  m_PrefabParentObject: {fileID: 0}
  m_PrefabInternal: {fileID: 0}
  m_GameObject: {fileID: 1995784540}
--- !u!1 &2144206675
GameObject:
  m_ObjectHideFlags: 0
  m_PrefabParentObject: {fileID: 0}
  m_PrefabInternal: {fileID: 0}
  serializedVersion: 4
  m_Component:
  - 4: {fileID: 2144206676}
  - 212: {fileID: 2144206678}
  - 61: {fileID: 2144206677}
  m_Layer: 0
  m_Name: Land_1
  m_TagString: Floor
  m_Icon: {fileID: 0}
  m_NavMeshLayer: 0
  m_StaticEditorFlags: 0
  m_IsActive: 1
--- !u!4 &2144206676
Transform:
  m_ObjectHideFlags: 0
  m_PrefabParentObject: {fileID: 0}
  m_PrefabInternal: {fileID: 0}
  m_GameObject: {fileID: 2144206675}
  m_LocalRotation: {x: 0, y: 0, z: 0, w: 1}
  m_LocalPosition: {x: 0, y: -5.53999996, z: 0}
  m_LocalScale: {x: 1.46250057, y: 1.25000024, z: 1}
  m_Children: []
  m_Father: {fileID: 268784867}
  m_RootOrder: 1
--- !u!61 &2144206677
BoxCollider2D:
  m_ObjectHideFlags: 0
  m_PrefabParentObject: {fileID: 0}
  m_PrefabInternal: {fileID: 0}
  m_GameObject: {fileID: 2144206675}
  m_Enabled: 1
  m_Material: {fileID: 0}
  m_IsTrigger: 0
  m_UsedByEffector: 0
  m_Offset: {x: 0, y: -.11910627}
  serializedVersion: 2
  m_Size: {x: 14.04, y: 1.04178727}
--- !u!212 &2144206678
SpriteRenderer:
  m_ObjectHideFlags: 0
  m_PrefabParentObject: {fileID: 0}
  m_PrefabInternal: {fileID: 0}
  m_GameObject: {fileID: 2144206675}
  m_Enabled: 1
  m_CastShadows: 0
  m_ReceiveShadows: 0
  m_Materials:
  - {fileID: 10754, guid: 0000000000000000e000000000000000, type: 0}
  m_SubsetIndices: 
  m_StaticBatchRoot: {fileID: 0}
  m_UseLightProbes: 1
  m_ReflectionProbeUsage: 1
  m_ProbeAnchor: {fileID: 0}
  m_ScaleInLightmap: 1
  m_PreserveUVs: 0
  m_ImportantGI: 0
  m_AutoUVMaxDistance: .5
  m_AutoUVMaxAngle: 89
  m_LightmapParameters: {fileID: 0}
  m_SortingLayerID: 1209271955
  m_SortingOrder: 0
  m_Sprite: {fileID: 21300000, guid: d73ca94d12de6416892ee9be296a0546, type: 3}
  m_Color: {r: 1, g: 1, b: 1, a: 1}
